2942 4276
524 314 672 364 naeuus
694 314 743 364 oe
764 314 928 364 unicum
1144 316 1172 381 [ς
1191 329 1270 384 34-35

171 476 308 549 men'et
333 483 478 565 gloriae;
502 502 542 545 ex
566 502 632 563 quo
659 481 847 544 inimicitias
875 482 1033 546 maximas
1061 504 1162 566 saepe
1185 486 1272 547 inter

172 589 389 651 amicissimos
406 585 579 650 exstitisse.

213 709 266 771 35.
301 692 428 772 Magna
443 690 542 754 etiam
559 689 697 752 discidia
713 699 747 753 et
762 689 958 773 plerumque
973 691 1060 754 iusta
1075 693 1176 766 nasci,
1194 712 1271 754 cum

89 851 90 854 ,
172 796 296 878 aliquid
319 794 361 858 ab
385 796 500 859 amicis
524 794 613 876 quod
636 804 763 857 rectum
782 814 850 856 non
873 804 962 858 esset
986 796 1217 877 postularetur,
1235 807 1271 859 ut

172 912 230 964 aut
245 899 391 963 libidinis
403 898 544 961 ministri
560 907 617 960 aut
633 897 799 961 adiutores
815 908 928 962 essent
940 899 983 960 ad
995 899 1164 977 iniuriam;
1182 901 1270 982 quod

173 1006 230 1086 qui
259 1011 461 1078 recusarent,
479 1001 631 1084 quamvis
662 1003 801 1065 honeste
832 1001 866 1064 id
896 1003 911 1064 f
953 1022 989 1065 er
1010 1013 1047 1065 nt
1080 1023 1131 1066 rus
1158 1015 1271 1067 tamen

173 1109 337 1171 amicitiae
358 1107 511 1183 deserere
534 1115 712 1187 arguerent
714 1127 753 1167 ur
699 1105 858 1169 t‘'ab
838 1126 878 1168 ns
901 1023 1020 1187 &ibis
1005 1106 1182 1189 sobsequi
1204 1108 1271 1170 nol·
1281 1132 1295 1184 5

174 1214 251 1275 lent.
301 1212 380 1274 Illos
397 1221 508 1274 autem
525 1231 581 1292 qur
573 1210 723 1291 quidvis
740 1209 782 1272 ab
799 1212 905 1272 amico
920 1211 1081 1273 auderent
1068 1220 1167 1292 ttpos
1155 1212 1269 1288 tulare,

174 1316 398 1399 postulatione
414 1317 487 1397 ipsa
504 1315 650 1397 profiteri
667 1315 778 1376 omnia
794 1322 830 1377 se
846 1313 944 1376 amici
959 1334 1060 1377 causa
1077 1335 1152 1379 esse
1168 1317 1272 1379 factu-

173 1442 237 1484 ros
285 1421 410 1483 Eorum
434 1417 603 1500 querela
595 1427 685 1481 invet
686 1427 777 1480 erata
804 1436 871 1480 non
903 1418 1001 1481 modo
1031 1419 1271 1487 familiaritates

173 1526 339 1606 exstingui
355 1524 462 1586 solere
478 1523 536 1585 sed
550 1522 625 1584 odia
641 1521 740 1584 etiam
753 1514 846 1603 gigni
862 1523 1074 1604 sempiterna.
1115 1525 1210 1586 Haec
1227 1524 1273 1586 ita

173 1630 278 1692 multa
294 1629 389 1710 quasi
405 1628 476 1689 fata
491 1627 685 1709 impendere
700 1626 852 1689 amicitiis
865 1636 902 1689 ut
913 1628 1024 1692 omnia
1040 1628 1272 1709 subterfugere
1284 1653 1314 1688 ιο

99 1761 102 1766 ·
174 1754 241 1796 non
257 1731 356 1795 modo
373 1730 555 1812 sapientiae
572 1730 630 1793 sed
646 1731 746 1793 etiam
758 1729 927 1792 felicitatis
943 1731 1068 1794 diceret
1084 1731 1146 1793 sibi
1157 1732 1270 1795 videri.

173 1942 266 1996 tions.'
302 1944 339 1994 lu
351 1943 461 2010 eptr'rnrs
472 1942 628 2010 quibusque,
641 1941 699 2008 plu-

174 2023 221 2089 ral,
231 2023 348 2076 because
361 2022 408 2075 the
419 2022 491 2090 pairs
501 2021 532 2075 of
541 2020 645 2074 friends
655 2039 700 2075 are

174 2111 203 2156 to
214 2103 248 2157 be
256 2102 429 2157 considered.
436 2109 499 2153 —8.
510 2117 543 2153 ex
551 2115 602 2167 quo
611 2103 701 2153 inimi-

173 2186 254 2237 citias
270 2224 275 2235 .
292 2223 298 2234 .
316 2223 322 2234 .
337 2185 493 2236 exstitisse:
513 2200 700 2252 erque=qua

173 2281 208 2317 ex
223 2281 254 2317 re
272 2264 430 2334 depending
451 2280 526 2332 upon
547 2263 594 2317 the
613 2263 701 2317 whole

173 2344 322 2415 preceding
332 2344 393 2398 idea
402 2345 511 2413 quodsi
523 2383 529 2395 .
547 2383 552 2394 .
570 2344 700 2412 ‚gloriae

175 2427 270 2480 Cicero
295 2442 358 2495 may
383 2426 451 2478 have
479 2424 535 2477 had
565 2425 593 2476 in
624 2425 701 2478 mind

174 2509 275 2561 Caesar
287 2507 343 2560 and
354 2509 487 2577 Pompey.
525 2508 700 2573 Iurrrriee'tius,

174 2590 267 2658 plural,
277 2589 393 2643 because
402 2589 499 2643 Cicero
508 2606 563 2641 was
573 2588 701 2657 thinking

173 2670 205 2723 of
211 2678 338 2723 concrete
347 2687 423 2723 cases
434 2669 465 2723 of
474 2669 577 2722 friends
585 2669 647 2722 who
657 2669 701 2722 be·

173 2750 413 2821 cameestranged.
444 2751 589 2802 Exstitisse
602 2750 624 2802 is
633 2749 701 2803 used

174 2830 281 2885 instead
295 2830 326 2885 of
335 2831 382 2886 the
395 2831 575 2900 subjunctive,
586 2829 702 2884 because

174 2912 221 2964 the
240 2912 331 2965 clause
348 2912 371 2965 is
389 2911 556 2976 co'ordinate,
570 2919 619 2963 not
637 2910 701 2964 sub-

174 2994 307 3049 ordinate.
338 2994 381 3047 Cf.
394 2997 408 3061 ξ
421 3009 465 3063 45,
477 3012 550 3064 que.
565 3034 571 3045 .
588 3034 594 3045 .
605 2997 700 3063 posset.

217 3077 264 3126 35.
289 3077 420 3128 dissidia:
435 3075 637 3129 ‘dissensions'
658 3074 699 3127 Cf.

747 1958 814 2003 —3.
833 1943 903 2005 quod
921 1942 969 2005 qui
983 1944 1149 1993 recusarent:
1175 1964 1199 1987 =
1211 1958 1272 1993 euru

747 2023 776 2087 ii,
813 2023 864 2090 qui
894 2022 928 2073 id
963 2021 1103 2090 (urrurstri
1137 2027 1188 2073 eret
1223 2022 1272 2073 ad-

747 2101 936 2169 e'utoresfierr')
949 2108 1115 2154 recusarent.
1123 2117 1186 2164 -5.
1200 2105 1273 2153 obse-

748 2182 810 2246 qui:
826 2181 1132 2235 ‘accommodate.'-6.
1146 2184 1270 2247 quidvis:

750 2263 837 2332 (prud,
868 2262 1034 2332 ‘anythi-ng,'
1053 2272 1076 2321 ψ
1094 2265 1138 2315 vis
1166 2262 1271 2334 (velle),

748 2346 817 2412 ‘you
826 2342 893 2395 wish
902 2345 922 2414 ²)
947 2343 1099 2413 ‘anything
1118 2343 1272 2397 whatever)

747 2431 814 2475 -6.
835 2428 870 2477 ab
888 2426 975 2477 amico
989 2463 994 2476 .
1009 2463 1015 2475 .
1029 2464 1035 2476 .
1049 2426 1185 2490 profiteri:
1206 2432 1272 2478 note

747 2505 794 2558 the
819 2500 1109 2559 double'alliteration
1140 2506 1194 2558 and
1225 2505 1272 2559 the

746 2604 914 2641 assonance:
934 2582 1076 2658 similarity
1088 2587 1120 2641 of
1124 2587 1273 2641 'sound-

748 2686 773 2731 9.
793 2670 946 2733 exstingui:
968 2669 1066 2722 carries
1075 2677 1121 2723 out
1132 2669 1179 2721 the
1189 2675 1272 2721 meta-

747 2749 818 2818 phor
842 2750 871 2801 in
896 2752 910 2817 5
933 2764 975 2817 22,
993 2749 1199 2818 splendidiores,
1217 2748 1271 2801 and

749 2836 763 2899 ξ
784 2848 825 2901 29,
844 2833 1005 2885 exardescit.
1023 2864 1057 2871 —
1074 2850 1113 2883 10.
1154 2831 1230 2883 fata:
1256 2846 1273 2882 a

748 2920 845 2983 strong
868 2913 944 2967 word
968 2913 1057 2966 which
1082 2912 1178 2966 Cicero
1196 2910 1272 2965 often

748 2992 852 3046 softens
866 2993 903 3062 by
916 2993 962 3047 the
975 3011 1023 3048 use
1036 2992 1068 3046 of
1076 2995 1165 3063 quasi,
1175 2995 1271 3061 prope,
1326 3011 1328 3015 ’

750 3079 848 3142 paene,
867 3083 935 3140 eto,
958 3092 990 3128 so
1008 3074 1066 3127 also
1078 3073 1192 3144 fatalis.
1230 3072 1271 3125 Cf.
1333 3094 1336 3095 ⁷
1369 3077 1371 3081 ’
1461 3040 1463 3051 .

175 3153 190 3218 ἓ
203 3170 246 3224 23,
260 3158 389 3222 destruitis,
407 3155 478 3210 from
497 3157 657 3208 discindere.
665 3186 701 3193 —-
747 3155 804 3209 Cic.
817 3156 847 3208 iu
863 3156 921 3208 Cat.
935 3169 960 3221 4,
971 3170 995 3221 2,
1005 3172 1056 3209 eur
1064 3172 1109 3224 ege
1121 3172 1175 3206 uon
1188 3154 1272 3206 laeter

176 3253 197 3286 1.
217 3237 375 3302 plerumque
394 3238 483 3289 iuste:
504 3235 539 3290 cf.
566 3235 581 3301 §
606 3236 649 3301 61,
669 3241 700 3287 ut
747 3252 838 3288 meum
871 3235 1042 3288 consulatum
1081 3236 1122 3288 ad
1155 3234 1272 3287 salutem

174 3318 268 3368 miuus
279 3318 374 3369 iustae
381 3319 533 3370 amicorum
545 3317 700 3370 uoluntates
749 3316 852 3384 popule
861 3318 985 3368 Roruaui
995 3318 1085 3384 prope
1091 3315 1212 3384 fatalem
1229 3331 1272 3367 ex·

173 3396 429 3450 adiuvandaesr'ut.
437 3415 503 3448 —2.
528 3400 615 3451 ut.
638 3400 700 3449 .ad
746 3398 866 3449 stitisse?
913 3395 954 3448 Cf.
980 3397 1047 3462 also,
1078 3396 1150 3448 Phil.
1181 3409 1204 3462 3,
1230 3411 1272 3465 29,

174 3477 316 3529 iniuriam.
354 3479 534 3547 explanatory
564 3477 596 3531 of
627 3478 703 3547 quod
746 3494 900 3546 quaeuos
920 3478 1187 3547 ..serreee'egr'tu
1205 3478 1273 3529 .vis

174 3563 278 3610 rectum
309 3575 364 3611 uon
393 3564 467 3621 esset,
494 3558 650 3627 postularet
652 3576 697 3611 ur.
745 3514 1168 3627 quaedarupdeuesetulr's.—1o.
1182 3559 1273 3609 omnia

174 3639 247 3690 Note
266 3637 312 3691 the
334 3638 440 3708 change
460 3638 491 3692 of
512 3638 699 3693 constnrction
746 3638 945 3702 subterfugere:
978 3637 1083 3708 subject
1113 3638 1145 3690 of
1170 3639 1270 3690 vedere.

173 3717 229 3770 and
265 3718 311 3771 the
347 3719 461 3773 chiastic
499 3727 698 3788 arrangement.
745 3719 942 3788 Subterfugere
965 3718 1157 3786 corresponds
1171 3726 1200 3772 to
1225 3718 1272 3771 the

279 3813 376 3859 rurcn’s
392 3812 578 3860 turcum-6
704 3806 734 3857 81
