2942 4276
1008 160 1014 167 ,
1043 146 1051 161 x

1006 172 1117 237 dxliv-¹,
1163 180 1268 276 Q!

524 332 671 380 nnumvs
695 333 928 381 uranicum
1089 306 1109 453 l
1150 333 1178 397 [s
1196 348 1275 395 40-41

151 504 183 514 ''
225 498 306 560 XII.
353 517 405 575 40.
440 498 534 560 Haec
551 497 651 578 igitur
665 496 716 559 lex
728 496 762 558 in
773 497 916 560 amicitia
933 456 1157 573 sanciaturJut
1169 518 1277 579 neque

179 622 335 683 rogemus
351 621 403 664 res
420 611 534 683 turpes
550 621 611 663 nec
628 601 693 662 fac'
752 621 790 663 us
807 601 922 682 rogati.
984 603 1106 684 Turpis
1123 603 1210 665 enim
1227 623 1278 665 ex-

145 732 152 745 ¹
179 706 306 768 cusatio
326 715 376 767 est
398 715 429 767 et
453 705 588 768 minime
633 725 682 767 cci
708 705 806 767 ienda
829 725 905 767 cum
929 705 962 766 in
979 708 1097 768 ceteris
1120 707 1276 787 peccatis,

179 818 250 872 tum
275 809 303 871 si
324 809 397 891 quis
425 819 541 872 contra
564 830 634 872 rem
658 809 825 891 publicam
849 831 885 873 se
909 810 1006 873 amici
1029 831 1131 873 causa
1157 810 1277 873 iecisse

180 914 332 977 fateatur
383 915 427 976 Et
414 915 517 977 tenim
528 934 567 977 eo
584 914 665 990 loen,
682 915 790 976 Fanni
805 924 839 977 et
855 915 1026 990 Scaevola,
1040 916 1139 977 locati
1152 935 1266 977 sumus
1269 937 1301 991 ,5

179 1026 215 1080 ut
230 1039 292 1080 nos
309 1018 408 1100 lunge
425 1020 615 1134 prospicere
631 1026 783 1099 oporteat
799 1019 929 1081 futuros
942 1039 1038 1081 casus
1055 1018 1275 1100 reipublicae.

180 1122 349 1186 Deflexit
312 1132 405 1199 tiam
422 1086 570 1204 aliquant
572 1143 627 1185 um
644 1122 686 1185 de
702 1124 810 1204 spatio
826 1123 1055 1205 curriculoque
1071 1133 1210 1186 consuet
1198 1124 1278 1185 tudo

162 1225 348 1288 maiorum.
488 1292 489 1296 ,

220 1349 273 1407 41.
298 1331 349 1392 Ti.
364 1331 535 1394 Gracchus
548 1350 688 1413 regnum
702 1352 865 1413 occupare
878 1339 1016 1395 conatus
1029 1342 1088 1406 est,
1099 1333 1153 1395 vel
1163 1353 1278 1414 regna-

177 1433 225 1496 vit
244 1435 272 1497 is
286 1434 427 1515 -quidem
452 1455 576 1516 paucos
599 1454 738 1497 menses.
788 1436 878 1496 Num
902 1435 982 1517 quid
1006 1436 1110 1498 simile
1134 1437 1277 1518 populus

177 1645 271 1714 Tiber‚
283 1647 374 1701 wher'e
389 1648 424 1701 he
437 1647 582 1717 employed
597 1665 614 1700 a
629 1647 704 1701 slave
750 1647 904 1714 statecmft3
931 1656 980 1701 not
1005 1647 1106 1716 merely
1130 1648 1177 1702 the
1201 1649 1278 1702 three

178 1735 207 1780 to
220 1727 267 1779 kill
281 1727 347 1780 him.
750 1728 929 1797 participants
949 1728 976 1780 in
995 1728 1043 1780 the
1067 1728 1204 1798 dialogue.
1253 1731 1278 1781 lt

212 1810 262 1859 40.
283 1810 369 1860 Haec:
391 1808 414 1861 is
434 1807 580 1876 explained
602 1808 704 1877 hythe
750 1808 884 1877 probably
905 1808 962 1861 also
983 1808 1066 1862 refers
1091 1817 1119 1862 to
1135 1809 1188 1862 the
1209 1826 1276 1878 age:

177 1888 318 1958 following
348 1895 379 1940 ut
402 1889 501 1954 clause,
526 1889 614 1942 which
645 1889 704 1942 also
750 1888 793 1942 for
805 1888 854 1942 dur
866 1889 905 1943 lot
919 1889 968 1941 has
981 1889 1053 1942 been
1066 1896 1124 1941 cast
1137 1888 1165 1940 in
1178 1906 1214 1941 an
1226 1906 1277 1958 age

178 1969 354 2022 summarizes
363 1970 409 2023 the
419 1977 562 2039 argument
572 1969 604 2022 of
611 1971 643 2036 ἕξ
652 1984 705 2038 35-
750 1970 831 2023 when
844 1970 911 2038 duty
920 1969 986 2022 calls
1000 1977 1028 2022 to
1041 1987 1057 2021 a
1069 1970 1152 2037 sharp
1165 1969 1278 2023 lookout

178 2065 221 2118 39.
235 2081 270 2089 —
285 2067 308 2100 1.
328 2053 359 2102 ut
381 2064 467 2114 neque
488 2089 493 2100 .
517 2090 522 2101 .
546 2089 552 2100 .
573 2063 636 2101 nec:
664 2050 705 2101 in·
739 2049 793 2122 (for
811 2049 931 2117 political
950 2049 1067 2119 dangers
1081 2049 1109 2101 in
1122 2050 1169 2102 the
1183 2066 1277 2103 course

178 2130 256 2184 stead
278 2130 310 2183 of
331 2130 377 2183 the
398 2130 475 2182 usual
497 2136 529 2182 ut
549 2146 617 2182 neve
637 2169 643 2182 .
666 2170 672 2182 .
696 2169 701 2181 .
751 2148 790 2183 we
809 2148 854 2184 are
880 2131 1061 2200 taking—6.
1087 2133 1181 2196 longe:
1209 2131 1278 2184 used

179 2228 247 2264 neve
258 2228 289 2264 or
301 2228 334 2263 ne
346 2217 397 2263 aut
418 2251 423 2261 .
447 2250 453 2261 .
477 2251 482 2262 .
502 2217 640 2263 aut.-2.
662 2210 704 2261 fa·
751 2211 816 2264 here
829 2211 893 2263 with
912 2211 1049 2265 reference
1067 2220 1095 2265 to
1113 2229 1209 2281 space3
1230 2213 1277 2265 the

178 2296 280 2346 ciamus
308 2295 411 2360 rogati:
444 2292 478 2345 cf.
509 2290 584 2360 539,
607 2292 704 2361 facere
751 2291 868 2359 positive
886 2293 914 2344 in
929 2310 945 2344 a
960 2292 1101 2362 figurative
1119 2310 1200 2346 sense
1213 2310 1277 2361 very

178 2377 314 2440 rogatum.
327 2403 362 2410 -
375 2389 399 2423 2.
429 2372 544 2436 Turpis:
575 2371 637 2424 with
661 2389 705 2424 res
751 2372 837 2441 rarely
851 2372 932 2426 refers
953 2382 981 2426 to
998 2373 1150 2436 time—7.
1171 2374 1203 2424 de
1216 2387 1278 2439 spa-

179 2450 261 2504 refers
276 2460 304 2505 to
317 2460 375 2505 acts
384 2452 474 2506 which
483 2469 528 2505 are
541 2452 704 2506 themselves
751 2452 790 2503 tio
802 2453 998 2519 curriculoque:
1019 2453 1094 2507 often
1114 2453 1181 2506 used
1200 2452 1278 2504 with-

178 2548 288 2602 wrong3
308 2532 372 2585 with
392 2535 528 2584 excusatio
544 2533 564 2585 it
579 2532 662 2586 refers
675 2541 705 2586 to
752 2544 799 2589 out
829 2553 883 2605 any
908 2538 1080 2606 appreciable
1105 2534 1275 2589 distinction.

179 2631 196 2667 a
213 2614 274 2668 lack
292 2613 324 2667 of
341 2614 473 2683 principle
492 2614 520 2667 in
539 2616 585 2668 the
604 2634 704 2684 person
751 2620 849 2669 Trans.
864 2617 949 2671 ‘from
963 2619 1009 2672 the
1026 2618 1142 2687 straight
1162 2617 1278 2669 course)

178 2695 241 2748 who
266 2695 360 2749 makes
384 2696 431 2749 the
456 2713 564 2749 excuse.
603 2700 702 2749 Trans.
752 2697 793 2750 Cf.
807 2697 865 2751 Cic.
880 2700 971 2765 Orat„
986 2702 1000 2766 ἕ
1017 2714 1056 2765 12,
1069 2715 1104 2751 ex
1113 2697 1278 2761 Academiae

166 2778 187 2835 .‘
196 2774 239 2828 ’tis
258 2793 274 2827 a
292 2792 361 2845 poor
378 2778 571 2839 excuse.'-3.
584 2779 703 2836 ceteris:
751 2780 851 2846 spatiis
865 2781 1014 2842 exstr'tzsm
1028 2779 1078 2831 illa
1094 2778 1154 2846 (ie.
1168 2776 1276 2845 spatia)

180 2854 213 2909 cf.
233 2858 406 2922 §·4,cetiros.
445 2858 467 2909 F
469 2874 500 2910 or
511 2857 559 2910 the
572 2857 706 2929 proleptic
751 2860 825 2910 enim
848 2865 916 2911 sunt
938 2859 1078 2912 curricula
1089 2876 1099 2923 ,·
1125 2858 1185 2910 also
1212 2857 1278 2909 Cato

179 2953 236 3002 use,
255 2936 290 2990 cf.
312 2936 326 3001 5
341 2951 365 3003 7,
383 2936 491 3005 reliqua
509 2938 634 3004 Graecia,
649 2938 704 2991 and
751 2940 856 3004 Maior,
870 2939 884 3003 ἓ
898 2941 940 3007 83,
954 2957 1000 2993 nec
1017 2957 1083 2992 vero
1095 2939 1178 2991 velim
1196 2937 1281 3005 quasi

180 3019 195 3084 ξ
212 3016 251 3081 16,
263 3016 296 3069 de
313 3019 408 3070 ceteris
422 3018 586 3080 rebus—5.
607 3031 638 3070 eo
649 3021 706 3070 loco
752 3019 865 3071 decurso
882 3023 971 3089 sparto
983 3022 1024 3073 ud
1039 3036 1160 3072 carceres
1175 3035 1193 3069 a
1210 3016 1279 3068 calce

182 3137 188 3148 .
212 3136 218 3148 .
242 3136 247 3147 .
267 3098 365 3149 locati:
385 3096 427 3151 for
439 3098 485 3151 the
497 3114 657 3164 assonance,
671 3096 704 3150 cf.
752 3102 887 3152 revocari.
925 3101 1003 3153 With
1016 3102 1140 3168 spatium
1152 3113 1279 3165 compare

180 3175 252 3245 §35‚
270 3177 304 3229 ab
321 3180 407 3230 amico
425 3217 430 3228 .
448 3217 453 3228 .
473 3217 478 3228 .
489 3180 626 3246 prryiteri.
664 3179 706 3229 Eo
752 3174 874 3234 στάδιον.
901 3173 1279 3249 Metaphorsfromtherace·

184 3282 208 3305 =
217 3257 279 3310 tali.
317 3258 403 3309 Locus
413 3257 435 3310 is
448 3258 524 3311 often
537 3258 604 3311 used
617 3258 646 3310 in
659 3258 706 3311 the
753 3259 828 3312 track
841 3276 886 3313 are
899 3278 1027 3315 common
1040 3261 1070 3313 in
1082 3261 1117 3313 all
1130 3259 1276 3312 literature.

180 3354 260 3390 sense
273 3336 305 3390 of
320 3341 453 3411 ‘vantage
470 3339 595 3408 ground,’
608 3355 625 3391 a
638 3337 707 3389 mili·
753 3338 793 3391 Cf.
809 3342 823 3405 ξ
841 3355 898 3392 101.

180 3425 239 3486 tary
269 3435 300 3470 or
332 3414 502 3487 gladiatorial
533 3418 704 3487 expression.
788 3420 836 3470 41.
864 3423 906 3472 Ti.
933 3423 1081 3474 Gracchus:
1107 3420 1142 3473 cf.
1167 3421 1279 3486 537.—

180 3497 223 3551 Cf.
244 3498 301 3552 Cic.
323 3501 352 3551 in
368 3499 428 3551 Cat.
449 3515 473 3567 3,
496 3514 517 3565 1,
536 3514 558 3566 r,
577 3500 644 3551 Loco
663 3499 708 3550 ille
756 3517 777 3549 r.
796 3502 842 3552 vel
859 3501 985 3563 regnavit
1005 3501 1029 3550 is
1049 3502 1174 3566 quidem:
1194 3498 1241 3552 vel
1251 3522 1275 3544 =

180 3584 441 3645 motusest,cumest
453 3596 487 3631 ex
494 3579 706 3648 urbedepulsus.
753 3579 800 3632 vel
807 3581 919 3648 potrum
937 3579 1047 3648 quidem
1064 3579 1234 3647 emphasizes
1248 3581 1279 3645 is,

180 3689 214 3697 -
223 3665 247 3710 6.
266 3675 330 3712 nos:
351 3659 398 3713 the
411 3660 556 3729 optimates
570 3660 631 3713 who
644 3677 708 3728 pos·
754 3660 817 3711 thus
831 3659 956 3729 carrying
968 3660 1003 3713 its
1022 3659 1095 3713 force
1108 3659 1178 3713 back
1191 3668 1220 3713 to
1233 3660 1279 3712 the

180 3740 275 3794 sessed
298 3739 420 3811 superior
444 3739 642 3809 qualifications
666 3739 708 3793 for
754 3739 859 3809 subject
884 3740 915 3793 of
935 3746 1048 3793 coriatus
1070 3745 1116 3792 est.
1154 3739 1197 3793 Cf.
1219 3743 1234 3807 ς
1255 3740 1280 3805 8,

713 3828 746 3893 87
