2942 4276
523 309 669 360 casuvs
692 310 741 360 nn
762 311 926 360 nurerum
1151 312 1179 376 [y
1196 312 1279 377 47-48

177 474 231 550 sis,
254 483 312 536 aut
335 493 400 537 non
424 474 593 555 suscipere
613 484 670 537 aut
689 486 879 556 susceptam
901 476 1078 557 deponere.
1127 477 1225 559 Quod
1251 478 1279 540 si

177 597 290 640 curam
324 578 482 659 fugimus,
513 580 617 641 virtus
651 579 812 660 fugienda
845 589 904 656 est,
936 601 1021 662 quae
1056 602 1193 645 necesse
1228 592 1278 644 est

176 701 252 744 cum
269 682 380 764 aliqua
392 702 470 744 cura
482 702 536 745 res
553 682 615 745 sibi
631 683 813 745 contrarias
830 694 1027 765 aspernetur
1043 694 1143 766 atque
1160 685 1275 762 oderit,

94 807 97 812 ·
178 794 213 847 ut
228 786 359 848 bonitas
379 786 549 862 malitiam,
566 787 787 867 temperantia
808 787 988 863 libidinem,
1005 789 1172 869 ignaviam
1189 789 1320 857 forti-,10

176 888 275 964 tudo}
306 891 419 971 itaque
442 890 556 952 videas
580 890 679 952 rebus
706 891 835 953 iniustis
862 893 966 954 iustos
990 894 1133 954 maxime
1156 893 1277 968 dolere,

176 993 364 1056 imbellibus
380 994 495 1069 fortes,
509 995 681 1075 flagitiosis
694 994 871 1057 modestos.
920 997 1011 1076 Ergo
1027 996 1090 1059 hoc
1107 997 1277 1079 proprium

175 1107 227 1161 est
248 1097 459 1162 animi‘bene.
478 1097 658 1174 constituti,
681 1108 715 1161 et
738 1099 853 1161 laetari
874 1099 970 1163 bonis
990 1099 1089 1163 rebus
1112 1109 1146 1163 et
1166 1100 1278 1164 dolere

4 1174 8 1349 ι
176 1202 358 1264 contrariis.

34 1191 182 1397 ,λ
218 1307 269 1383 48.
303 1306 413 1388 Quam
430 1306 472 1370 ob
489 1326 559 1370 rem
576 1306 604 1369 si
621 1306 710 1369 cadit
731 1306 763 1368 in
782 1307 968 1389 sapientem
985 1309 1087 1371 animi
1103 1309 1204 1385 dolor,
1223 1310 1279 1390 qui

176 1411 328 1491 profecto
345 1410 441 1487 cadit,
456 1412 519 1473 nisi
536 1429 576 1472 ex
592 1412 663 1473 eius
680 1411 791 1474 animo
807 1412 1021 1493 exstirpatam
1038 1414 1279 1476 humanitatem

175 1514 382 1679 asbitftffusr
400 1534 486 1596 quae
502 1535 603 1576 causa
619 1524 671 1578 est
687 1535 745 1578 cur
761 1515 939 1578 amicitiam
956 1517 1107 1579 funditus
1124 1514 1278 1580 tollamus

175 1618 282 1692 evita,
319 1637 337 1680 c
350 1618 476 1700 aliquas
489 1576 712 1700 30⁰5&me
724 1619 944 1700 suscipiamus
958 1621 1146 1684 molestias?
1189 1620 1279 1702 Quid

174 1720 264 1785 enim
283 1723 422 1785 interest
443 1732 535 1784 motu
559 1722 660 1784 animi
682 1723 812 1785 subiato
828 1743 896 1786 non
913 1723 987 1787 dico
1008 1726 1095 1787 inter
1116 1724 1277 1805 pecudem
1288 1742 1302 1795 5

174 1835 208 1889 et
235 1826 413 1901 hominem,
442 1825 500 1888 sed
527 1827 614 1888 inter
640 1826 809 1889 hominem
838 1835 871 1890 et
896 1836 1050 1891 truncum
1078 1838 1136 1891 aut
1162 1849 1277 1891 saxum

175 2031 190 2096 5
215 2046 258 2098 44,
282 2031 403 2085 honesta.
418 2063 454 2072 -
466 2048 489 2096 7.
516 2032 540 2083 si
563 2031 701 2097 fugimus:
750 2034 876 2087 Audires
887 2034 1011 2087 ululatus
1023 2034 1279 2105 (‘shrieks')femi-

175 2111 213 2164 ‘if
239 2129 278 2166 we
305 2129 350 2165 are
375 2121 404 2166 to
428 2111 528 2175 avoid)
552 2127 569 2163 a
592 2112 704 2180 general
750 2131 877 2178 nuruum
907 2115 965 2169 also
990 2117 1075 2186 Verg.
1105 2118 1142 2168 Α.
1169 2131 1193 2181 4,
1218 2130 1278 2182 401,

174 2193 333 2245 nuth-8.
356 2194 534 2246 necesseest:
556 2190 601 2245 ‘of
611 2208 704 2246 neces·
750 2197 899 2264 urguentis
920 2213 1026 2262 ceruus,
1047 2201 1114 2265 ‘you
1136 2196 1217 2249 could
1233 2213 1278 2249 see

174 2274 247 2343 sity)
300 2272 414 2325 Necesse
448 2276 496 2338 est,
528 2271 582 2325 like
616 2274 703 2340 crede,
750 2275 827 2328 them
858 2276 1087 2346 moving.'-12.
1126 2278 1276 2329 modestos:

173 2355 280 2423 opinor,
303 2360 363 2418 etc,
386 2353 409 2405 is
432 2352 628 2420 parenthetical
648 2354 703 2406 and
750 2355 785 2409 cf.
801 2355 815 2420 5
830 2357 853 2419 8,
868 2358 1105 2410 suaderem—12.
1123 2356 1276 2419 proprium:

175 2434 277 2503 merely
289 2432 389 2486 ratifies
403 2433 449 2486 the
465 2439 614 2486 statement
632 2451 704 2502 quae
750 2435 785 2490 cf.
807 2436 821 2501 5
842 2437 883 2503 26,
897 2439 1058 2506 proprium,
1078 2436 1136 2488 also
1156 2437 1170 2501 5
1190 2448 1278 2503 91.-

176 2556 182 2566 .
206 2555 213 2567 .
236 2555 242 2566 .
262 2515 350 2567 oderit
367 2514 404 2583 by
417 2513 522 2583 adding
534 2513 569 2566 ‘it
583 2522 655 2567 must
668 2514 703 2569 be
752 2533 790 2579 13.
810 2518 888 2569 bonis
900 2520 995 2569 rebus:
1015 2517 1133 2570 ablative
1145 2515 1278 2580 absolute,

174 2598 227 2649 so.'
269 2596 303 2647 Vl
317 2595 340 2648 is
353 2602 402 2648 not
415 2602 444 2648 to
457 2593 492 2648 be
505 2593 639 2663 supplied.
678 2598 703 2648 lt
750 2604 799 2649 not
812 2596 969 2666 dependent
982 2614 1056 2665 upon
1069 2596 1178 2662 laetari,
1188 2595 1277 2648 which

173 2676 197 2730 is
219 2692 236 2729 a
256 2691 318 2730 case
339 2674 370 2729 of
388 2674 534 2744 parataxis.
582 2674 623 2728 ef.
643 2675 658 2740 5
678 2691 702 2745 5,
750 2677 773 2729 is
787 2677 851 2731 here
864 2679 933 2732 used
946 2677 1108 2747 absolutely.

150 2747 153 2751 ⁷
174 2757 267 2820 velun,
277 2755 332 2809 and
346 2755 361 2820 5
375 2754 418 2822 66,
431 2758 544 2823 opertet.
555 2772 622 2817 —9.
642 2770 703 2807 cum
793 2760 842 2810 48.
870 2760 943 2810 cadit
956 2760 984 2808 in
997 2759 1165 2823 sapientem:
1183 2756 1216 2810 cf.
1230 2757 1278 2810 the

174 2837 269 2902 aliqua
284 2850 361 2889 cura:
383 2834 569 2906 ‘regrethnlyf
581 2837 626 2888 ele.
641 2835 662 2888 it
679 2835 702 2889 is
750 2839 866 2908 English
878 2839 972 2904 idiom,
982 2839 1032 2889 “lt
1045 2836 1105 2889 falls
1117 2845 1145 2891 to
1155 2855 1201 2907 my
1211 2838 1277 2890 lot.''

174 2915 275 2968 almost
298 2914 405 2986 foreign
429 2925 459 2969 to
483 2916 531 2969 the
556 2924 650 2968 nature
675 2915 705 2969 ol
748 2936 814 2968 -ι,
841 2920 929 2971 animi
940 2920 1029 2970 dolor:
1050 2916 1082 2970 cf.
1095 2920 1109 2985 5
1124 2933 1165 2988 29,
1179 2916 1276 2983 aerisue,

175 2997 268 3048 virtus
290 3002 319 3048 to
338 2997 410 3063 hate,
431 3013 500 3050 even
520 3004 549 3050 to
571 2996 634 3049 hate
656 2995 703 3048 the
749 2999 804 3051 and
827 2997 841 3062 5
865 3000 889 3064 8,
911 2998 1117 3050 dolorem-2.
1140 2998 1275 3065 protecto:

174 3075 312 3139 bad-9.
338 3078 440 3130 oderit:
455 3076 489 3131 cf.
503 3075 702 3143 642222226ιί4-
749 3078 784 3132 cf.
799 3082 813 3146 5
827 3094 852 3146 2,
865 3079 1074 3149 prefectu—2.
1096 3078 1277 3142 exstirpatam

173 3161 221 3207 set.
234 3186 268 3193 -
283 3171 321 3205 10.
347 3155 551 3220 temperantia.
575 3192 580 3203 .
600 3192 606 3203 .
625 3154 702 3206 torti·
749 3159 965 3211 humanitatem:
993 3157 1101 3212 Laelius
1123 3156 1222 3225 speaks
1242 3156 1274 3209 of
1301 3158 1305 3168 '

174 3237 255 3286 tudo:
281 3233 315 3287 cf.
343 3235 358 3300 5
387 3248 409 3299 1,
436 3234 558 3302 Quintus
581 3235 701 3297 Mucius,
748 3236 795 3290 the
808 3246 940 3305 apparent
952 3238 1071 3291 absence
1083 3236 1115 3290 of
1127 3236 1228 3306 feeling
1240 3254 1276 3291 on

163 3329 357 3383 augum-11.
370 3314 481 3366 videas:
497 3317 564 3383 ‘you
577 3315 701 3379 cansee,'
748 3317 795 3371 the
808 3318 911 3386 partos
926 3319 973 3371 the
990 3318 1090 3372 Stoics.
1128 3318 1277 3387 Exstirpa-

141 3420 143 3423 ·
173 3393 307 3461 potential
326 3391 498 3462 subjunctive
510 3393 608 3459 which,
622 3394 651 3445 in
665 3393 701 3446 its
747 3403 815 3465 tam,
828 3397 861 3451 cs.
876 3397 923 3451 the
943 3399 1070 3468 English,
1090 3399 1276 3465 “uprooted.'’

173 3475 294 3528 strictest
318 3473 534 3541 interpretation,
557 3473 580 3526 is
601 3474 701 3527 almost
748 3507 783 3516 -
790 3494 813 3540 3.
838 3479 969 3530 tollamus
992 3494 1007 3529 e
1029 3479 1104 3532 vita:
1131 3477 1166 3531 cf.
1194 3477 1208 3542 5
1233 3493 1275 3546 47,

173 3555 288 3624 entirely
301 3553 406 3607 limited
419 3561 448 3608 to
463 3554 547 3608 uerba
565 3555 704 3607 sentiendi
746 3557 827 3609 solem
837 3573 851 3608 e
860 3557 1073 3610 utuudotellere.
1082 3574 1147 3619 -4.
1167 3559 1276 3624 aliquas

173 3637 229 3689 and
242 3644 271 3690 to
283 3634 435 3705 imaginary
443 3634 546 3688 second
559 3634 614 3686 and
627 3634 701 3687 third
748 3674 753 3686 .
770 3674 776 3686 .
792 3675 797 3686 .
814 3637 995 3701 suscipiamus
1007 3638 1164 3689 molestias:
1179 3636 1276 3692 ‘suffer
1346 3677 1350 3684 .

172 3733 305 3787 persone,
319 3732 370 3784 ag.
384 3715 472 3784 Pliny,
485 3716 550 3783 Epi.
564 3714 588 3780 6,
602 3730 644 3781 20,
660 3729 700 3782 14,
747 3732 824 3768 some
848 3714 1087 3769 inconveniences.
1102 3747 1136 3755 -
1148 3731 1173 3779 5.
1201 3731 1277 3782 pecu-
