2942 4276
184 336 312 400 §74-76]
553 337 589 386 M.
611 337 716 384 ‘fviii
740 335 925 385 cicenours

184 500 279 563 bonis
297 500 394 563 amici
413 520 486 563 esse
505 521 572 563 non
589 510 739 582 possunt,
756 501 820 563 nisi
836 500 924 582 quod
939 509 1034 563 tanta
1049 511 1101 563 est
1116 500 1202 563 inter
1217 519 1285 576 eos,
1458 496 1459 587 l

184 613 310 687 quanta
327 605 470 666 maxima
486 614 596 686 potest
612 624 695 679 esse,
710 624 837 667 morum
852 604 1101 686 studiorumque
1118 605 1284 667 distantia.

228 726 277 788 75.
313 709 418 771 Recte
438 709 538 771 etiam
560 709 708 790 praecipi
732 717 842 791 potest
865 709 899 770 in
922 709 1083 784 amicitiis,
1105 728 1148 771 ne
1171 707 1287 770 intem-

185 822 301 896 perata
320 812 484 895 quaedam
506 812 748 888 benevolentia,
766 812 855 894 quod
878 832 1040 894 persaepe
1060 813 1104 888 fit,
1127 812 1287 893 impediat

185 937 325 998 magnas
343 917 500 979 utilitates
522 917 713 978 amicorum.
762 917 834 979 Nee
851 916 948 992 enim,
966 925 1002 978 ut
1025 916 1067 978 ad
1089 915 1221 978 fabulas
1240 935 1288 978 re·

185 1021 291 1096 deam,
316 1021 450 1083 Troiam
477 1021 720 1102 Neoptolemus
743 1039 863 1101 capere
887 1019 1059 1101 potuisset,
1078 1021 1106 1082 si
1129 1019 1288 1103 Lycome-

161 1126 270 1201 5dem,
295 1125 384 1206 apud
408 1145 506 1206 quern
532 1132 603 1186 erat
626 1123 795 1199 educatus,
821 1123 932 1186 multis
955 1144 1031 1186 cum
1058 1123 1202 1186 lacrimis
1226 1123 1289 1185 iter

185 1249 281 1291 suum
312 1229 549 1310 impedientem
573 1228 687 1290 audire
710 1227 877 1290 voluisset.
941 1228 985 1290 Et
1008 1248 1108 1310 saepe
1138 1227 1290 1289 incidunt

186 1352 328 1413 magnae
359 1352 421 1408 res,
454 1342 490 1395 ut
527 1331 765 1394 discedendum
797 1331 839 1394 sit
869 1331 911 1394 ab
946 1330 1078 1408 amicis;
1118 1351 1200 1412 quas
1232 1331 1289 1412 qui

185 1436 345 1518 impedire
366 1437 446 1512 vult,
473 1436 562 1518 quod
586 1435 786 1498 desiderium
808 1456 876 1498 non
899 1435 998 1498 facile
1020 1435 1116 1510 ferat,
1139 1434 1166 1497 is
1187 1444 1221 1497 et
1243 1434 1289 1496 in·

185 1542 299 1603 firmus
323 1549 373 1603 est
399 1540 573 1622 mollisque
598 1549 717 1602 natura
743 1549 778 1603 et
803 1538 942 1602 obeam
966 1541 1074 1621 ipsam
1096 1558 1230 1601 causam
1253 1539 1288 1599 in

147 1680 177 1716 10
185 1645 328 1707 amicitia
345 1664 462 1726 parum
479 1644 593 1706 iustus.

229 1751 277 1826 76.
311 1749 425 1830 Atque
442 1748 475 1810 in
489 1749 579 1811 omni
595 1767 631 1809 re
644 1747 921 1811 considerandum
934 1756 985 1810 est
1000 1756 1033 1809 et
1049 1746 1128 1829 quid
1140 1745 1289 1828 postules

185 1852 227 1915 ab
243 1852 350 1914 amico
367 1861 400 1914 et
417 1851 495 1933 quid
512 1852 639 1934 patiare
657 1872 676 1913 a
692 1860 724 1913 te
740 1851 919 1932 impetrari.

229 1957 324 2019 XXI.
366 1957 428 2018 Est
440 1956 540 2018 etiam
554 1955 719 2036 quaedam
732 1955 903 2018 calamitas
916 1955 950 2016 in
963 1954 1114 2017 amicitiis
1127 1953 1289 2016 dimitten-

184 2116 215 2167 ob
229 2155 235 2165 .
252 2154 258 2165 .
277 2154 282 2165 .
297 2113 393 2165 ullam.
433 2112 474 2166 cf.
489 2111 504 2176 ξ
516 2127 557 2181 51,
569 2129 615 2165 nec
627 2113 710 2165 domi.
764 2112 824 2165 that
838 2112 884 2165 the
897 2111 952 2180 city
962 2111 1043 2164 could
1056 2119 1105 2164 not
1115 2110 1150 2164 be
1158 2111 1289 2180 captured

184 2213 265 2246 -12.
281 2197 383 2259 quanta
397 2196 516 2245 maxima
528 2196 635 2258 potest:
651 2193 713 2245 ‘the
764 2192 878 2245 without
900 2192 943 2244 his
965 2192 1113 2260 help-6.
1141 2193 1289 2256 impedien-

185 2284 304 2346 greatest
338 2274 522 2344 imaginable.l
570 2273 613 2327 Cf.
648 2273 714 2325 Caio
763 2277 835 2325 tem:
863 2272 972 2342 ‘trying
993 2281 1022 2325 to
1046 2274 1180 2340 prevent)
1227 2272 1289 2325 The

185 2358 289 2423 Maior,
309 2354 324 2419 ἓ
343 2370 386 2421 41,
404 2360 507 2407 tantu.
528 2393 534 2405 .
551 2353 714 2422 uoluptate
764 2361 875 2422 present
889 2352 1031 2422 participle
1045 2369 1188 2421 expresses
1201 2369 1237 2404 an
1249 2360 1290 2405 at·

185 2443 290 2506 quanta
305 2436 417 2504 percipi
424 2439 515 2504 posset
527 2436 661 2486 maxima.
764 2434 886 2502 tempted
894 2433 1059 2486 action-6.
1072 2434 1180 2486 audire:
1193 2432 1290 2485 ‘listen

230 2518 338 2567 7⁵.-2.
353 2517 423 2580 quod
433 2529 578 2580 persaepe:
593 2514 668 2583 quod
675 2531 714 2568 re
764 2522 793 2567 to
804 2516 825 2579 ';
838 2514 906 2566 used
915 2514 975 2567 also
985 2513 1013 2566 in
1024 2513 1070 2567 the
1080 2531 1161 2567 sense
1171 2513 1218 2566 of‘
1226 2512 1290 2582 give
1343 2514 1345 2517 ’

185 2597 238 2651 fers
249 2604 279 2650 to
289 2597 335 2650 the
349 2596 467 2666 thought
480 2595 628 2649 contained
639 2595 667 2647 in
680 2611 714 2647 ne
763 2595 835 2648 heed
855 2596 901 2660 to,’
920 2593 1025 2662 ‘obey,'
1045 2594 1110 2646 with
1131 2594 1178 2647 the
1197 2593 1289 2647 dative

188 2679 432 2730 ...amicorum
447 2694 515 2738 -3.
543 2678 598 2727 Nec
623 2677 711 2727 enim:
765 2693 836 2730 case.
876 2673 918 2728 Cf.
932 2675 1053 2727 oboedire
1068 2674 1286 2746 (trimodia).

186 2760 231 2812 the
254 2757 412 2811 correlative
436 2756 468 2810 oi
484 2773 530 2809 nec
550 2756 572 2809 is
591 2762 616 2808 ei
633 2760 714 2825 saepe
764 2772 830 2819 -7.
857 2757 1048 2807 discedendum
1064 2757 1102 2807 sit
1118 2760 1168 2807 ab:
1188 2753 1223 2808 cf.
1241 2754 1289 2808 the

186 2840 284 2894 below.
334 2839 428 2901 Enim,
450 2836 483 2891 cf.
499 2836 513 2902 ἓ
529 2852 570 2906 57,
583 2839 665 2890 enim.
678 2868 713 2874 -
764 2836 883 2907 English
897 2835 990 2904 idiom,
1000 2839 1016 2868 “
1024 2843 1054 2890 to
1066 2835 1149 2889 break
1158 2835 1290 2888 witht-

185 2940 210 2984 3.
237 2924 268 2973 ut
289 2959 295 2971 .
318 2959 324 2971 .
348 2959 353 2971 .
374 2920 496 2971 redeam:
533 2918 567 2972 cf.
596 2918 658 2988 59,
682 2924 714 2971 ui
765 2935 788 2983 7.
816 2932 884 2983 quas
903 2919 1043 2983 qui:=et
1062 2920 1090 2970 si
1108 2934 1154 2970 eas
1171 2919 1291 2987 quis.-

185 3002 242 3055 alia
259 3003 473 3062 omittam-4.
502 3001 710 3064 Neoptolemus:
765 3015 788 3062 7.
816 3015 883 3064 quas
903 3037 909 3049 .
933 3037 939 3050 .
963 3037 968 3049 .
989 3001 1063 3051 vult:
1092 2998 1131 3052 ‘is
1144 2997 1247 3068 willing
1260 3005 1290 3052 to

188 3077 268 3149 (νέος,
299 3081 387 3146 ‘late’
419 3079 566 3151 πτόλεμος,
600 3082 712 3150 ‘war').
763 3080 843 3134 allow
853 3080 930 3133 these
943 3086 972 3132 to
986 3079 1068 3132 stand
1081 3077 1109 3130 in
1120 3076 1162 3131 his
1172 3080 1289 3147 wavi-

185 3163 255 3215 This
281 3178 336 3214 was
358 3161 405 3215 the
432 3179 512 3215 name
544 3161 653 3230 applied
684 3168 713 3214 to
764 3168 789 3212 8.
811 3161 989 3213 desiderium:
1008 3158 1042 3213 cf.
1059 3158 1073 3223 ξ
1093 3174 1132 3226 10,
1145 3159 1287 3211 desiderio.

186 3243 314 3312 Pyrrhus
333 3241 380 3295 the
399 3259 451 3295 son
468 3242 499 3296 of
515 3242 639 3296 Achilles
657 3242 713 3294 and
763 3259 831 3305 -9.
857 3244 901 3293 et:
926 3240 950 3293 is
975 3239 1133 3293 correlative
1157 3239 1222 3291 with
1246 3244 1290 3304 et,-

185 3323 326 3394 grandson
346 3321 379 3376 of
397 3323 577 3393 Lycomedes,
591 3322 658 3392 king
677 3321 709 3375 of
763 3338 826 3391 que
850 3328 982 3375 connects
1006 3320 1096 3372 niollis
1120 3318 1184 3371 with
1209 3320 1290 3387 infir-

187 3405 295 3474 Scyros,
310 3404 427 3458 because
442 3404 477 3457 he
489 3403 554 3456 took
566 3420 602 3456 no
614 3402 713 3470 partin
764 3419 835 3454 mus.
847 3433 882 3440 -—
891 3419 931 3452 ιο.
957 3415 1054 3465 parum
1074 3401 1176 3452 iustus:
1199 3398 1290 3453 ‘lacks

185 3485 232 3538 the
253 3502 309 3538 war
328 3485 368 3538 till
395 3501 460 3537 near
483 3484 519 3537 its
544 3483 712 3537 conclusion.
764 3481 896 3536 fairness.'

186 3567 301 3635 Ulysses
328 3565 482 3634 persuaded
508 3564 565 3616 him
596 3571 624 3616 to
650 3563 713 3617 take
809 3565 854 3615 ⁷6.
878 3564 994 3628 Atque.
1019 3600 1025 3613 .
1052 3599 1058 3612 .
1086 3561 1241 3625 impetrari:
1273 3576 1291 3613 a

186 3646 331 3700 Achilles's
355 3645 433 3713 place
458 3645 485 3696 in
510 3644 557 3697 the
581 3644 656 3712 siege
679 3642 711 3697 of
764 3642 836 3696 brief
857 3659 995 3712 summary
1017 3641 1049 3695 of
1071 3640 1103 3706 ἐξ
1118 3640 1212 3709 36-75,
1232 3655 1291 3708 par-

186 3729 270 3795 Troy,
286 3742 316 3777 as
335 3725 355 3776 it
377 3723 433 3775 had
451 3723 522 3776 been
547 3723 713 3791 prophesied
765 3723 889 3793 ticularly
914 3722 945 3776 os
967 3722 999 3787 δέ
1019 3735 1196 3791 73-75.-3.
1221 3722 1288 3773 est:

717 3825 765 3862 122
