2942 4276
553 188 703 282 RN
759 187 918 285 naue

193 302 208 364 e
225 301 320 366 4a49]
556 298 597 376 er,
614 291 723 350 'cvm
745 290 934 365 eieramus

194 477 251 530 aut
266 468 398 549 quidvis
418 468 551 549 generis
569 465 742 530 eiusdem?
790 467 910 549 Neque
928 467 1018 530 enim
1040 477 1118 530 sunt
1137 467 1190 530 isti
1206 468 1296 530 audi·

194 572 272 636 endi
293 572 349 654 qui
371 572 527 634 virtutem
542 570 664 651 duram
685 580 720 633 et
744 571 841 653 quasi
854 571 1006 639 ¹terream
1028 592 1102 635 esse
1126 572 1295 654 quandam

193 676 327 753 volunt,
352 695 437 758 quae
459 674 593 757 quidem
608 683 659 738 est
680 675 885 738 cum-multis
904 674 937 737 in
954 675 1063 752 rebus,
1081 685 1151 738 tum
1167 674 1202 738 in
1217 675 1297 738 ami-

156 779 271 843 rocitia
285 780 517 861 tenerentque
533 764 723 854 tractabilis}
738 787 774 840 ut
789 788 823 842 et
838 778 934 842 bonis
950 779 1047 842 amici
1063 781 1158 861 quasi
1174 780 1296 842 diffun-

127 958 132 967 ,
194 885 291 947 datur
317 893 351 947 et
373 884 591 946 incommodis
613 883 836 946 contrahatur.
896 884 1165 966 Quamobrem
1189 904 1296 965 angor
1364 921 1367 925 -

195 989 267 1064 iste,
284 990 340 1069 qui
361 1008 420 1069 pro
437 987 543 1050 amico
565 1007 667 1068 saepe
688 987 870 1068 capiendus
891 998 952 1064 est,
970 1008 1037 1051 non
1060 996 1192 1051 tantum
1206 988 1297 1051 valet

195 1103 232 1156 ut
250 1093 347 1155 tollat
362 1111 380 1154 θ
395 1093 463 1154 vita
484 1091 671 1167 amicitiam,
689 1112 756 1154 non
778 1092 853 1173 plus
873 1111 973 1175 quam
994 1102 1031 1155 ut
1050 1091 1199 1169 virtutes,
1216 1090 1296 1174 quia

195 1217 261 1261 non
278 1196 386 1258 nullas
403 1215 498 1258 curas
515 1205 548 1258 et
563 1196 732 1258 molestias
746 1196 902 1272 afferunt,
919 1196 1145 1277 repudientur.

157 1323 185 1377 15
239 1301 333 1364 XIV.
381 1300 466 1364 Cum
490 1309 601 1363 autem
626 1300 802 1363 contrahat
825 1300 1013 1377 amicitiam,
1030 1310 1067 1363 ut
1091 1320 1192 1381 supra
1216 1299 1292 1376 dixi,

196 1407 223 1468 si
242 1426 308 1487 qua
325 1403 522 1486 significatio
538 1402 668 1466 virtutis
684 1403 823 1480 eluceat,
842 1404 885 1466 ad
909 1425 1008 1486 quam
1033 1425 1069 1468 se
1088 1404 1203 1468 similis
1226 1405 1295 1466 ani·
1332 1449 1346 1466 .
1397 1461 1400 1467 ,

196 1526 269 1568 mus
285 1505 431 1587 applicet
452 1513 485 1567 et
508 1504 677 1584 adiungat,
694 1503 727 1566 id
751 1524 826 1567 cum
848 1505 996 1586 contigit,
1014 1523 1107 1567 arnor
1130 1503 1297 1577 exoriatur

195 1629 333 1673 necesse
349 1618 408 1671 est.

239 1734 290 1794 49.
324 1713 414 1794 Quid
438 1711 526 1775 enim
554 1721 622 1775 tam
649 1711 830 1775 absurdum
862 1732 961 1795 quam
992 1711 1152 1776 delectari
1182 1679 1296 1775 multis

195 1947 273 1997 dem:
287 1943 322 1998 cf.
335 1946 349 2010 ξ
360 1958 402 2011 32,
411 1944 560 2013 pecudum.
571 1973 606 1981 —
615 1959 638 2006 7.
656 1944 720 1995 isti:
767 1960 806 1995 10.
828 1945 906 1997 bonis
921 1982 927 1995 .
943 1981 949 1994 .
965 1982 971 1995 .
984 1944 1163 1997 incommodis
1177 1966 1201 1990 =
1215 1944 1297 1996 rebus

196 2025 242 2079 the
275 2024 375 2078 Stoics.
432 2022 474 2076 Cf.
510 2022 525 2087 ξ
556 2023 581 2089 6,
612 2025 674 2074 ista.
687 2054 722 2062 -
765 2025 917 2076 secundis.
942 2062 948 2074 .
973 2063 979 2076 .
1003 2025 1082 2078 rebus
1106 2026 1242 2079 adversis.
1259 2055 1296 2063 -

196 2108 221 2155 8,
245 2105 324 2170 qnasi
344 2104 476 2156 ferream:
498 2103 674 2172 ‘unyielding
691 2119 722 2156 as
767 2119 805 2165 13.
823 2117 876 2156 non
893 2106 956 2169 plus
975 2142 981 2155 .
999 2142 1005 2154 .
1024 2143 1030 2155 .
1049 2105 1238 2170 repudientur:
1258 2120 1296 2156 an

196 2185 284 2238 steel!
319 2181 361 2236 cf.
381 2185 396 2250 §
416 2197 458 2249 27,
476 2186 560 2252 quasi
578 2184 722 2236 lumeu-
766 2183 894 2251 elliptical
916 2182 1077 2253 expression
1099 2183 1140 2237 for
1157 2202 1212 2237 non
1226 2184 1297 2253 plus

196 2282 219 2327 9.
244 2266 356 2317 volunt:
389 2263 423 2317 cf.
457 2262 471 2328 ᾖ
503 2279 545 2333 29,
570 2265 673 2316 volunt.
687 2294 722 2302 -
765 2281 850 2332 quum
863 2281 947 2317 curae
958 2259 1226 2333 moleste'aeque'quus
1235 2266 1295 2318 uir-

196 2361 220 2406 9.
243 2357 327 2409 quae:
358 2342 422 2397 ‘but
447 2344 519 2411 this,'
544 2343 721 2398 antithetical.
765 2347 837 2395 tutes
860 2345 987 2412 afferunt
1010 2348 1121 2395 lantum
1145 2344 1239 2396 valent
1262 2348 1296 2395 ut

196 2439 256 2485 -9.
269 2437 329 2475 cunr
337 2424 719 2477 nrultiu:cummulte'sule'is¹
766 2425 885 2476 virtuter
928 2426 1004 2492 epsue
1044 2424 1238 2492 repudientur.
1259 2455 1296 2463 —

196 2520 272 2553 —ru
284 2504 643 2570 teneraatquetractabilis:
656 2503 723 2558 ‘solt
768 2519 805 2565 14.
818 2515 871 2554 non
883 2506 989 2554 nullas:
1011 2501 1044 2556 cf.
1054 2502 1069 2567 ξ
1079 2518 1104 2570 4,
1113 2520 1167 2556 uon
1176 2506 1294 2557 inve'tus.

197 2582 251 2634 and
267 2581 429 2637 malleable.'
464 2585 556 2638 These
575 2584 723 2654 adjectives
766 2598 841 2646 -15-
857 2583 1014 2635 contrahat:
1032 2582 1237 2653 hasassubject
1247 2584 1297 2638 the

197 2662 325 2717 continue
338 2662 385 2717 the
398 2665 542 2733 metaphor
554 2664 581 2717 in
592 2666 724 2735 ferream
767 2662 858 2729 clause
875 2664 904 2714 si
919 2701 926 2713 .
946 2700 952 2713 .
972 2701 978 2714 .
997 2663 1199 2728 eluceat-15.
1212 2678 1296 2730 supra

197 2744 395 2797 above-10.
414 2745 724 2798 diffundatur...con-
772 2749 882 2795 :unte
914 2743 956 2796 Cf.
968 2746 1000 2811 ἕξ
1014 2759 1109 2815 27,29,
1120 2760 1164 2813 32.
1195 2745 1296 2812 Supra

196 2825 335 2876 trahatur:
364 2823 412 2877 the
442 2824 548 2893 subject
572 2825 595 2878 is
619 2827 721 2878 uirtus.
767 2824 871 2893 applies
894 2842 969 2878 more
990 2826 1117 2896 properly
1138 2833 1167 2880 to
1187 2825 1296 2878 written

197 2902 239 2956 Cf.
265 2904 311 2957 the
337 2904 454 2974 English
485 2905 584 2958 idioms
614 2909 629 2937 ‘⁴
638 2906 724 2975 large·
767 2904 834 2958 than
848 2914 877 2959 to
889 2905 995 2974 spoken
1011 2898 1243 2977 langnage.-1n
1262 2907 1297 2958 ei-

196 2983 331 3037 hearted”
372 2985 427 3038 and
469 2985 723 3040 “small-heaned.'’
767 2988 843 3038 milis
873 2988 1001 3038 animus:
1039 2987 1173 3041 ‘kindred
1200 2986 1296 3055 spirit.¹

197 3065 259 3117 The
283 3065 427 3133 metaphor
450 3065 482 3118 of
503 3066 550 3119 the
575 3067 724 3137 preceding
766 3083 847 3130 -17.
863 3069 891 3119 id
904 3082 965 3120 cum
976 3069 1107 3132 contigit:
1130 3074 1235 3136 repeats
1249 3066 1298 3120 the

60 3208 64 3217 ι
163 3148 168 3156 ’
196 3153 257 3213 part
274 3144 306 3198 os
320 3145 367 3200 the
385 3153 516 3199 sentence
534 3145 557 3200 is
574 3147 723 3201 continued
766 3147 886 3217 thought
899 3148 930 3202 of
939 3148 986 3202 the
999 3149 1089 3202 clause
1102 3150 1129 3201 si
1150 3185 1156 3198 .
1179 3185 1186 3198 .
1208 3186 1215 3199 .
1240 3147 1297 3199 elu-

198 3226 226 3278 in
239 3225 294 3280 this
307 3226 445 3280 reference
458 3235 487 3279 to
506 3226 553 3281 the
572 3229 723 3297 expansion
766 3234 874 3281 ceat.—
884 3235 922 3280 18.
939 3244 1047 3281 necesse
1060 3232 1118 3281 est:
1134 3228 1170 3281 ‘it
1179 3235 1252 3281 must
1261 3226 1297 3281 be

197 3305 253 3359 and
274 3307 445 3360 contraction
465 3306 498 3360 of
519 3308 615 3361 metals
637 3309 725 3362 under
767 3310 820 3362 soff
855 3308 898 3361 Cf.
914 3311 985 3377 §47,
997 3312 1100 3362 neeesse
1114 3315 1160 3376 est,
1173 3309 1297 3376 and§5,

198 3386 245 3440 the
263 3386 398 3441 influence
416 3386 448 3440 of
463 3387 527 3440 heat
539 3389 595 3442 and
608 3389 670 3442 cold
684 3406 725 3443 re·
767 3389 858 3442 uelim.

197 3465 356 3536 spectively.
394 3468 529 3535 Compare
541 3469 725 3522 contrahatur
802 3471 850 3521 49.
877 3470 960 3536 Quid:
976 3469 1008 3524 cf.
1021 3472 1035 3538 ξ
1049 3468 1243 3537 14,illa,and§
1254 3483 1297 3536 30,

197 3546 262 3599 with
273 3547 418 3600 contrabat
426 3547 529 3613 below3
542 3548 648 3618 though
657 3549 724 3604 each
768 3551 830 3602 mei.
844 3580 879 3588 —
894 3567 915 3600 1.
935 3551 1064 3602 delectari
1079 3591 1084 3603 .
1103 3590 1108 3602 .
1127 3553 1247 3606 ..rebus.
1266 3588 1272 3600 .
1290 3588 1296 3600 .

198 3643 261 3696 may
279 3626 314 3681 be
332 3627 466 3681 rendered
485 3631 642 3695 ‘contram'
656 3629 726 3684 their
768 3630 930 3682 animante.
947 3668 953 3681 .
970 3669 976 3681 .
992 3632 1136 3683 delectari:
1167 3638 1231 3684 note
1252 3630 1299 3683 the

199 3706 341 3775 meanings
360 3722 406 3760 are
418 3706 533 3777 entirely
546 3707 680 3763 different.
690 3741 726 3748 -
769 3710 907 3764 chiasmus
922 3710 978 3763 and
992 3710 1162 3766 antithetical
1182 3710 1300 3781 asynde·
