2942 4276
878 377 939 425 ΤΙΑ

181 542 232 606 dis
248 563 315 606 non
331 562 513 625 numquam
530 542 734 620 necessaria;
759 542 824 605 iam
841 544 930 605 enim
943 561 963 604 a
974 543 1174 623 sapientium
1189 542 1282 604 fami-

181 646 376 709 liaritatibus
400 647 442 709 ad
467 646 622 728 vulgares
652 646 813 709 amicitias
836 646 941 709 oratio
971 655 1085 709 nostra
1108 646 1279 709 delabitur.
1291 662 1305 717 s

183 751 372 833 Erumpunt
389 770 490 832 saepe
505 752 585 812 vitia
606 750 787 813 amicorum
806 760 876 813 tum
898 750 932 813 in
953 749 1044 831 ipsos
1060 750 1193 826 amicos,
1210 760 1281 813 tum
1317 754 1321 761 ‘

181 853 214 916 in
241 854 376 930 alienos,
405 874 545 936 quorum
573 863 684 918 tamen
716 854 758 916 ad
789 856 913 917 amicos
939 854 1103 917 redundet
1132 854 1279 917 infamia.

181 959 281 1021 Tales
297 958 399 1039 igitur
417 956 580 1020 amicitiae
597 967 674 1020 sunt
695 959 888 1021 remissione
909 979 989 1021 usus
1007 958 1170 1021 eluendae
1186 967 1228 1034 et,
1245 968 1282 1021 ut

181 1062 343 1126 Catonem
363 1062 473 1125 dicere
493 1062 611 1138 audivi,
633 1061 832 1125 dissuendae
851 1061 957 1142 magis
978 1082 1077 1144 quam
1099 1061 1282 1125 discinden-

180 1167 253 1242 dae,
271 1165 334 1228 nisi
355 1166 518 1248 quaedam
535 1166 715 1230 admodum
736 1165 952 1230 intolerabilis
973 1165 1091 1229 iniuria
1112 1166 1280 1243 exarserit,
1293 1187 1324 1224 ro

160 1279 217 1332 ,ut
232 1289 341 1352 neque
356 1280 482 1333 rectum
498 1290 607 1351 neque
623 1271 801 1333 honestum
817 1270 859 1333 sit
874 1290 936 1334 nec
949 1271 1019 1333 lieri
1034 1270 1148 1352 possit,
1161 1279 1198 1333 ut
1213 1290 1281 1334 non

181 1373 291 1437 statim
308 1373 461 1437 alienatio
477 1374 720 1456 disiunctioque
736 1375 894 1437 faciunda
910 1373 960 1437 sit.

223 1495 273 1558 77.
307 1478 365 1542 Sin
393 1486 504 1541 autem
531 1489 589 1542 aut
615 1498 745 1542 morum
770 1488 827 1541 aut
859 1478 1043 1542 studiorum
1066 1478 1280 1543 commutatio

180 1583 354 1666 quaedam,
365 1592 402 1645 ut
417 1584 488 1646 fieri
498 1582 591 1658 solet,
605 1583 695 1646 facta
707 1583 769 1645 erit
781 1592 838 1645 aut
853 1568 887 1644 in
900 1583 948 1645 rei
965 1582 1117 1663 publicae
1130 1584 1280 1664 partibus

180 1687 343 1750 dissensio
359 1686 582 1750 intercesserit
596 1683 729 1770 (loquor
747 1687 835 1750 enim
852 1689 928 1763 iam,
941 1697 978 1748 ut
994 1688 1094 1769 paulo
1110 1698 1188 1750 ante
1204 1687 1278 1763 dixi,

180 1811 247 1854 non
260 1791 301 1853 de
312 1790 511 1872 sapientium
529 1791 588 1854 sed
601 1791 643 1854 de
658 1792 889 1854 communibus
906 1790 1082 1875 amicitiis),
1094 1791 1279 1854 cavendum

179 1995 407 2064 emphatic-4.
434 1998 602 2048 necessaria:
635 1999 704 2048 ‘un-
756 2012 891 2065 company
903 1996 939 2048 he
956 1995 1082 2063 keeps;”
1094 1995 1150 2048 and
1168 1995 1196 2047 in
1215 1996 1281 2049 Ger·

77 2112 80 2117 -
178 2075 340 2143 avoidable,’
362 2075 396 2129 cf.
418 2075 488 2145 550,
509 2078 701 2129 necessariam.
755 2093 828 2141 man,
842 2078 914 2145 Saga
930 2077 994 2141 mir,
1012 2078 1063 2127 rnit
1078 2093 1148 2128 wem
1164 2075 1203 2127 du
1220 2094 1279 2128 unr-

178 2171 251 2219 —5.
288 2159 430 2222 vulgares:
464 2155 646 2226 ‘friendships
674 2158 703 2208 in
751 2156 839 2224 gelist,
866 2157 928 2209 und
948 2156 989 2208 ielr
1013 2157 1105 2208 werde
1124 2156 1171 2209 dir
1196 2173 1277 2225 sagen

178 2237 307 2307 general,'
320 2239 365 2289 ie.
375 2246 425 2291 not
438 2237 469 2291 ol
479 2238 525 2290 the
537 2238 601 2290 barri
610 2237 700 2290 alone.
754 2253 813 2289 wer
836 2237 875 2288 du
899 2237 951 2289 bist
978 2235 1211 2303 (Strelitz).—7.
1239 2252 1279 2288 re-

178 2332 247 2381 -5.
273 2320 360 2370 oratio
382 2322 474 2371 nostra
492 2320 642 2370 delabitur:
662 2318 703 2381 de,
755 2320 872 2368 dundet:
894 2316 1065 2386 subjunctive
1089 2316 1121 2369 of
1142 2317 1279 2369 result.-

179 2397 297 2464 ‘down,’
315 2400 360 2451 ie.
384 2406 414 2452 to
433 2398 601 2467 friendships
626 2415 663 2451 on
687 2415 704 2450 a
757 2416 797 2449 11.
823 2411 936 2463 neque.
960 2436 966 2447 .
988 2435 994 2447 .
1016 2411 1102 2462 neque
1122 2436 1128 2448 .
1152 2436 1158 2448 .
1181 2437 1187 2449 .
1213 2411 1277 2450 nec:

178 2478 261 2533 lower
284 2479 375 2548 plane.
414 2478 456 2532 Cf.
472 2478 487 2543 ξ
504 2495 560 2544 100,
573 2479 614 2531 ad
632 2479 704 2531 leues
755 2495 864 2547 neque.
887 2517 893 2528 .
916 2517 922 2528 .
943 2494 1054 2546 neque.
1077 2516 1083 2528 .
1107 2516 1113 2529 .
1133 2479 1171 2529 sit
1189 2477 1212 2531 is
1231 2478 1278 2531 the

177 2560 316 2612 amicitias
333 2560 446 2628 desim
462 2562 560 2614 aratia.
610 2559 703 2612 These
755 2558 814 2611 first
833 2558 956 2611 member
973 2558 1029 2610 and
1049 2574 1096 2609 nec
1106 2559 1179 2626 fieri
1189 2560 1280 2627 parsit

178 2648 340 2693 statements
367 2640 444 2693 mark
474 2640 520 2693 the
550 2639 703 2710 beginning
755 2638 802 2692 the
814 2639 926 2692 second.
958 2637 999 2691 Cl.
1014 2636 1029 2701 ξ
1044 2650 1085 2706 75,
1098 2644 1124 2690 et
1144 2678 1150 2689 .
1173 2677 1179 2690 .
1201 2678 1208 2689 .
1227 2655 1279 2707 que

179 2721 235 2773 and
245 2720 318 2775 close
334 2720 366 2775 of
381 2721 428 2775 the
442 2721 597 2775 discussion
610 2719 640 2773 ol
656 2720 702 2773 the
756 2759 762 2771 .
786 2759 792 2771 .
815 2760 821 2771 .
842 2725 969 2772 et.—12.
986 2720 1117 2771 alienatio
1124 2720 1279 2772 disiunctio

178 2800 344 2871 friendships
363 2801 393 2855 ol
411 2803 510 2873 people
532 2801 560 2854 in
579 2801 700 2872 general.
754 2815 821 2866 que:
842 2804 1060 2869 {estrangement
1078 2800 1134 2852 and
1151 2799 1279 2871 severing

178 2882 286 2948 Notice,
325 2882 458 2950 however,
496 2883 556 2936 that
594 2881 702 2935 Laelius
754 2880 787 2935 of
807 2880 1050 2934 relations.’—12.
1070 2880 1198 2932 faciunda
1222 2882 1276 2933 sit:

179 2962 277 3032 hardly
289 2980 365 3017 more
378 2963 445 3017 than
458 2964 596 3018 mentions
609 2965 703 3015 arnici-
754 2960 788 3015 cf.
804 2960 819 3025 ξ
836 2975 875 3026 14,
887 2962 1000 3014 adesset.

177 3044 233 3095 tiae
255 3043 385 3112 vulgares
409 3043 438 3096 in
462 3045 508 3098 the
535 3044 702 3113 twenty-five
798 3043 847 3092 7⁷.
874 3043 926 3095 sin
950 3045 1058 3094 autem:
1078 3041 1114 3096 ef.
1129 3041 1143 3105 ξ
1158 3056 1200 3110 34,
1213 3043 1275 3094 Sin.

178 3122 308 3176 sections.
346 3126 419 3177 Note
437 3125 483 3178 the
496 3125 654 3194 metaphors
673 3124 702 3177 in
753 3140 821 3174 -1.
847 3126 896 3175 aut
916 3161 922 3173 .
945 3162 951 3173 .
974 3162 980 3174 .
1001 3116 1050 3175 ait
1071 3163 1077 3174 .
1100 3162 1106 3174 .
1129 3162 1135 3174 .
1155 3126 1217 3175 aut:
1241 3121 1275 3176 cf.

177 3201 322 3269 delabitur,
355 3211 513 3273 erumpunt,
559 3205 702 3271 redundet,
754 3203 825 3269 576,
838 3220 924 3272 neque
944 3242 950 3254 .
973 3242 980 3254 .
1004 3242 1010 3254 .
1030 3220 1141 3273 neque.
1164 3244 1170 3255 .
1193 3243 1199 3255 .
1220 3220 1276 3256 nec.

177 3285 343 3350 renutriane,
371 3284 507 3352 eluendae,
531 3286 701 3352 dissuendae,
752 3302 820 3335 -1.
847 3298 950 3337 morum
974 3287 1023 3337 aut
1047 3286 1212 3337 studiorum:
1241 3282 1276 3338 ef.

176 3363 379 3429 discindenda,
412 3365 468 3417 and
508 3367 652 3419 exarserit.
666 3396 703 3403 -
754 3364 769 3429 ὅ
795 3378 837 3431 74,
867 3381 977 3418 marum
1012 3367 1229 3435 studrhrnmque.
1243 3395 1279 3403 -

176 3450 202 3495 6.
216 3445 302 3496 vitia:
317 3443 350 3497 cf.
359 3443 374 3508 ἓ
383 3445 628 3514 89,peccatis.—6.
642 3449 703 3499 tum
753 3462 779 3497 2.
794 3447 823 3497 in
837 3484 844 3497 .
867 3483 874 3496 .
897 3446 1054 3510 .partibus:
1069 3448 1112 3498 i.e.
1124 3446 1152 3498 in
1161 3445 1277 3514 politius.

180 3563 214 3575 ..
243 3564 249 3576 .
277 3527 352 3577 tum:
385 3527 482 3578 ‘now'
604 3528 701 3591 ‘now,'
752 3543 823 3589 -3.
848 3528 914 3578 ante
938 3527 1011 3578 dixi:
1038 3528 1082 3579 ie.
1106 3526 1135 3579 in
1160 3525 1174 3590 ἓ
1206 3525 1278 3578 6.-

176 3605 396 3673 temporal.-7.
423 3619 550 3671 quorum:
571 3606 620 3658 viz.
629 3608 701 3659 vrtz'a
758 3624 783 3670 4.
811 3607 997 3661 communibus
1010 3607 1173 3676 :vulgarit
1185 3540 1215 3677 ἕξ
1227 3604 1275 3672 76)

176 3686 207 3737 in
226 3685 339 3738 alienos.
377 3685 419 3739 cf.
434 3686 480 3739 the
504 3686 654 3739 sentiment
672 3685 701 3738 in
752 3687 808 3740 and
837 3688 909 3740 leves
939 3686 968 3758 (ἕ
1000 3685 1075 3753 100).
1126 3690 1200 3742 Note
1231 3686 1279 3739 the

177 3764 303 3835 English,
317 3769 333 3798 “
342 3766 367 3818 A
381 3782 445 3819 man
458 3766 481 3819 is
493 3765 594 3819 known
607 3766 644 3837 by
654 3766 700 3820 the
753 3766 934 3838 changefrom
942 3768 988 3821 the
995 3766 1114 3837 limiting
1120 3767 1241 3837 genitive
1249 3775 1278 3820 to

705 3867 753 3920 123
