2942 4276
536 327 684 386 marrus
708 326 756 386 nr
778 324 941 385 threnn
1117 298 1121 305 ’
1159 321 1187 399 [ς
1206 324 1286 399 ssa

184 496 262 569 eitia
292 518 353 567 nec
385 504 485 567 ullam
518 505 636 566 aetatis
668 503 842 584 degendae
869 501 1032 565 rationem
1057 503 1180 583 patitur
1212 523 1285 565 esse
1324 590 1327 591 γ

183 618 352 691 expertem
370 610 429 670 sui.
477 607 567 689 Quin
588 609 688 671 etiam
708 609 739 669 si
755 609 828 688 quis
849 608 1028 688 asperitate
1050 627 1090 669 ea
1109 616 1159 669 est
1180 614 1213 669 et
1229 606 1285 668 im-

184 713 343 776 manitate
374 721 522 787 naturae,
547 732 748 793 congressus
779 721 815 773 ut
843 711 1013 773 hominum
1046 711 1155 791 fugiat
1185 719 1284 791 atque

128 843 129 846 ¹
183 818 298 893 oderit,
316 817 448 899 qualem
472 817 577 878 fuisse
603 815 749 878 Athenis
776 815 952 877 Timonem
976 816 1089 878 nescio
1113 834 1211 896 quem
1235 829 1308 883 aes

183 921 341 1003 cepimus,
359 930 471 983 tamen
487 921 516 982 is
533 920 603 1001 pati
619 939 686 981 non
703 919 818 1000 possit,
832 928 868 980 ut
884 939 950 981 non
964 919 1118 999 anquirat
1129 919 1283 999 aliquem,

183 1026 272 1107 apud
289 1045 387 1106 quem
404 1034 537 1087 evomat
552 1023 642 1085 virus
658 1022 849 1086 acerbitatis
865 1042 954 1085 suae.
994 1022 1109 1103 Atque
1119 1023 1181 1084 hoc
1198 1042 1285 1084 max-

182 1131 247 1193 ime
263 1129 473 1203 iudicaretur,
491 1129 519 1190 si
542 1127 621 1209 quid
646 1127 712 1189 tale
736 1135 850 1208 posset
873 1126 1077 1206 contingere,
1099 1135 1136 1187 ut
1166 1124 1284 1207 aliquis

182 1254 244 1297 nos
260 1235 342 1297 deus
363 1253 405 1296 ex
425 1234 488 1295 hac
510 1232 681 1294 hominum
703 1232 892 1312 frequentia
911 1230 1042 1292 tolleret
1065 1231 1153 1292 etin
1174 1230 1284 1292 solitu-

182 1339 259 1402 dine
270 1337 400 1420 uspiam
413 1338 590 1400 collocaret
603 1344 702 1418 atque
715 1334 761 1397 ibi
773 1334 992 1416 suppeditans
1004 1335 1151 1396 omnium
1162 1354 1282 1409 rerum,
1296 1361 1326 1396 ιο

182 1463 264 1524 quas
281 1452 401 1505 natura
416 1441 591 1515 desiderat,
610 1439 847 1502 abundantiam
864 1448 897 1501 et
913 1438 1043 1518 copiam
1060 1437 1202 1499 hominis
1218 1458 1284 1499 om-

182 1549 261 1609 nino
281 1545 463 1627 aspiciendi
483 1553 681 1626 potestatem
708 1544 859 1624 eriperet.
907 1541 992 1623 Quis
1015 1550 1084 1604 tam
1108 1550 1196 1604 esset
1220 1541 1284 1604 fer-

181 1671 258 1713 reus
271 1651 327 1732 qui
337 1670 411 1712 eam
424 1651 525 1711 vitam
537 1649 624 1711 ferre
636 1657 758 1729 posset,
770 1648 891 1728 cuique
903 1666 970 1708 non
981 1646 1127 1709 auferret
1137 1646 1282 1708 fructum

181 1755 389 1836 voluptatum
406 1753 553 1815 omnium
571 1751 737 1814 solitudo?

225 1861 276 1924 88.
309 1859 435 1922 Verum
451 1877 531 1937 ergo
548 1855 628 1918 illud
652 1865 704 1918 est
724 1855 813 1937 quod
829 1876 849 1917 a
865 1854 1048 1918 Tarentino
1067 1855 1229 1938 Archyta,
1247 1865 1283 1918 ut

181 1962 309 2043 opinor,
326 1961 391 2025 dici
407 1961 540 2024 solitum
557 1968 689 2023 nostros
705 1980 803 2023 senes
823 1978 1085 2022 commemorare
1108 1958 1219 2021 audivi
1240 1958 1282 2021 ab

180 2144 234 2196 qua
264 2130 357 2196 pacta.
370 2143 443 2189 -3.
477 2128 617 2192 expertem
647 2126 706 2178 sui:
755 2124 911 2194 familiarity
929 2125 995 2178 with
1014 2125 1062 2178 the
1082 2124 1198 2178 Greeks.
1236 2125 1280 2179 Cf.

181 2206 408 2260 ‘uninfluenced'
425 2238 458 2247 -
475 2224 500 2270 3.
540 2207 706 2272 asperitate:
755 2208 830 2272 524,
843 2207 982 2274 quendam
1000 2207 1187 2269 vz'rum.-5.
1212 2221 1283 2259 acce·

181 2288 228 2342 the
246 2287 336 2342 sound
356 2288 385 2339 in
404 2303 421 2339 a
438 2303 497 2356 way
516 2303 636 2356 conveys
659 2287 706 2339 the
754 2288 860 2352 pimus:
881 2285 916 2340 cs.
935 2288 949 2353 ς
969 2300 994 2353 7,
1014 2303 1103 2339 unum
1121 2289 1280 2356 accepimus.

180 2385 261 2422 sense
272 2366 523 2439 (onomatopoeia).
556 2366 598 2420 Cf.
612 2369 707 2435 ‘rasp,’
754 2368 892 2436 Accipere,
912 2371 956 2420 ‘to
979 2367 1061 2434 hear,'
1080 2368 1117 2437 by
1139 2375 1231 2436 report
1251 2385 1283 2422 or

180 2451 273 2515 ‘roan'
303 2457 354 2503 etc.
367 2466 440 2511 -4.
465 2462 623 2513 congressus
658 2451 705 2501 ut:
754 2448 894 2502 tradition.
907 2454 976 2499 -6.
1001 2449 1145 2513 anquirat:
1165 2448 1281 2516 cf.§8r‚

180 2537 277 2599 strong
303 2529 442 2597 emphasis
471 2528 513 2583 for
539 2544 705 2598 congressus.
753 2531 966 2597 anquirit—7.
987 2531 1060 2594 apud
1070 2544 1150 2594 quern
1159 2533 1280 2582 evomat:

180 2609 221 2664 Cf.
233 2611 300 2663 Cata
309 2611 413 2676 Maior,
424 2608 439 2673 ξ
450 2610 493 2673 28,
503 2610 609 2663 Orator
618 2615 707 2662 metuo
754 2609 798 2662 ‘in
817 2608 911 2662 whose
929 2626 975 2662 ear
993 2609 1029 2662 he
1048 2626 1110 2680 may
1129 2627 1199 2678 pour
1216 2612 1281 2664 out)

180 2707 214 2743 nc
255 2689 419 2759 languescat.
433 2721 467 2728 —
480 2705 505 2753 5.
546 2691 704 2742 Timonem:
755 2707 779 2754 7.
801 2691 876 2742 virus
890 2692 1065 2742 acerbitatis:
1085 2690 1120 2744 cf.
1137 2690 1205 2743 Acts
1218 2690 1279 2742 viii:

183 2766 296 2842 (Τίμων,
312 2768 328 2824 ὃ
346 2765 566 2841 μισάνθρωος).
604 2770 706 2846 Timon
754 2785 796 2838 23,
805 2770 883 2840 “gall
893 2769 1183 2824 ofbitterness.”-8.
1209 2773 1279 2823 tale:

179 2851 252 2905 lived
265 2851 294 2903 in
310 2851 356 2904 the
374 2849 433 2902 fifth
447 2859 561 2920 century
575 2865 634 2905 sc.
674 2854 707 2904 ln
753 2850 1051 2913 i.e.asfollows.-9.
1079 2852 1282 2904 hachominum

180 2931 223 2985 his
236 2930 320 3000 youth
341 2931 376 2984 he
394 2931 575 3000 experienced
595 2932 707 3002 ingrati·
754 2931 922 2996 frequentia:
942 2930 975 2985 cf.
987 2934 1003 2962 “
1012 2931 1053 2984 far
1065 2930 1135 2985 from
1148 2932 1195 2986 the
1205 2931 1281 2985 mad-

178 3011 244 3066 tude
267 3010 323 3064 and
347 3011 583 3080 disappointment
609 3013 637 3065 in
663 3013 706 3065 his
753 3011 822 3082 ding
852 3010 966 3065 crowd's
999 3011 1110 3082 ignoble
1138 3011 1281 3066 strife.''—

178 3092 282 3146 friends
295 3091 359 3158 and,
372 3108 402 3146 as
416 3109 434 3144 a
450 3093 542 3157 result,
556 3092 620 3146 shut
638 3093 708 3145 him·
756 3111 795 3144 12.
815 3092 917 3144 ferrens
930 3130 936 3141 .
951 3130 957 3142 .
973 3132 980 3143 .
994 3092 1085 3144 ferre.
1101 3131 1108 3143 .
1123 3131 1129 3143 .
1143 3093 1279 3145 auferret:

178 3172 233 3225 sels
244 3171 287 3227 off
301 3171 371 3225 from
387 3171 434 3226 the
453 3173 547 3240 world,
560 3172 707 3243 admitting
753 3172 786 3227 cf.
801 3175 816 3240 ᾗ
829 3173 871 3238 64,
884 3175 915 3224 in
930 3189 962 3225 rc
978 3175 1084 3226 incerta
1101 3176 1235 3227 cernitur.
1246 3203 1281 3212 -

179 3270 215 3306 no
235 3270 288 3306 one
307 3260 336 3306 to
355 3252 398 3306 his
420 3253 525 3323 society
544 3260 640 3322 except
659 3253 706 3306 the
755 3271 795 3316 13.
820 3254 931 3318 cuique:
946 3270 1009 3322 ·que
1017 3261 1149 3307 connects
1157 3256 1209 3324 qui
1214 3254 1279 3307 with

178 3333 298 3388 recidess
323 3332 378 3386 and
409 3333 580 3403 changeable
606 3332 707 3388 Alcibi-
752 3335 903 3396 cui—14.
930 3335 1064 3386 solitudo:
1079 3342 1144 3388 note
1163 3334 1211 3388 the
1224 3352 1281 3388 em-

178 3413 254 3467 ades.
277 3412 395 3467 ·Timon
414 3414 438 3467 is
455 3413 502 3467 the
520 3413 626 3483 subject
644 3413 707 3468 osa
753 3413 845 3482 phatic
858 3412 987 3482 position.

178 3494 306 3564 dialogue
323 3493 360 3563 by
373 3493 486 3559 Lucian,
498 3493 553 3547 and
569 3494 612 3547 his
626 3510 706 3547 name
796 3496 844 3545 88.
867 3498 980 3546 Verum:
995 3493 1028 3548 cf.
1039 3497 1053 3561 ς
1063 3495 1106 3561 87,
1114 3510 1279 3565 congressus.

177 3590 293 3643 appears
319 3590 350 3628 as
375 3574 423 3628 the
450 3574 509 3628 title
535 3573 565 3628 of
593 3591 646 3628 one
671 3572 704 3628 os
753 3593 820 3626 -1.
845 3577 982 3641 Archyta:
997 3574 1280 3643 famousasaphilos·

179 3654 393 3724 Shakespeare’s
423 3654 552 3724 plays-
566 3670 591 3718 5.
617 3656 706 3706 nescio
753 3655 840 3722 opher
854 3654 1279 3726 (Pythagorean),astr0nomer,

178 3748 275 3800 quern:
301 3734 410 3788 Laelius
434 3735 516 3805 again
540 3734 635 3788 affects
660 3751 707 3786 un·
752 3734 808 3787 and
842 3734 1072 3801 mathematician,
1107 3752 1162 3789 was
1196 3751 1281 3789 seven

709 3833 753 3887 ¹3¹
