2942 4276
205 358 218 419 ᾖ
237 357 331 420 61-62]
567 357 603 405 M.
625 356 730 405 TVLLI
754 356 940 405 CICERONIS

310 497 356 519 m
364 426 427 504 obj
442 439 536 519 gemm

203 523 274 584 dari
290 522 387 583 venia
401 523 513 602 possit.
555 522 628 584 Nec
640 541 719 584 vero
737 522 947 602 neglegenda
959 531 1010 584 est
1022 522 1113 584 fama
1130 542 1191 585 nec
1207 523 1309 585 medi-

203 646 279 688 ocre
289 626 392 688 telum
404 626 446 687 ad
459 646 511 688 res
522 626 687 706 gerendas
699 625 886 688 existimare
899 635 1029 706 oportet
1017 625 1307 688 tbenevolentiam

164 730 341 806 rocivium3
367 750 466 811 quam
485 729 634 791 blandit''
601 739 654 792 rtis
671 739 703 791 et
720 730 962 845 asseptando
939 729 1095 894 coligere
1116 739 1213 810 turpe
1233 739 1307 859 ἱεῖς

202 834 315 909 virtus
333 854 433 916 quam
451 833 599 915 sequitur
615 833 745 907 caritaS,
763 816 897 895 mimme
914 853 1031 913 repur
1033 833 1121 894 anda
1136 842 1195 895 est.
1274 830 1326 887 ’π

245 941 295 1003 62
330 939 397 1002 Sed
412 937 530 1020 (saepe
554 937 641 998 enim
666 937 766 999 redeo
790 937 832 999 ad
857 937 1057 1018 Scipionem,
1082 937 1176 998 euius
1199 938 1307 1000 omnis

202 1063 311 1105 sermo
328 1052 398 1104 erat
415 1041 456 1103 de
472 1040 633 1123 amicitia)
647 1040 856 1121 querebatur,
875 1041 964 1121 quod
983 1040 1136 1102 omnibus
1157 1040 1191 1101 in
1207 1041 1307 1103 rebus

203 1147 354 1208 homines
376 1146 602 1226 diligentiores
623 1153 753 1221 essent;
779 1164 896 1224 capras
916 1153 952 1206 et
970 1164 1049 1207 oves
1071 1154 1150 1225 quot
1167 1144 1307 1226 quisque

203 1250 348 1324 haberet,
364 1250 472 1312 dicere
486 1269 594 1329 posse,
613 1249 737 1310 amicos
748 1258 828 1329 quot
840 1248 995 1327 habere}
1004 1268 1070 1310 non
1084 1268 1184 1328 posse
1197 1248 1307 1310 dicere

178 1364 235 1417 set
258 1356 291 1415 in
316 1354 379 1415 illis
402 1353 537 1434 quidem
563 1340 717 1434 pardndis
742 1338 900 1414 adhibere
923 1371 1047 1426 euram,
1068 1351 1100 1412 in
1120 1350 1234 1414 amicis
1253 1352 1307 1414 eli-

202 1458 320 1538 gendis
336 1457 547 1538 neglegentis
564 1476 638 1519 esse
655 1477 717 1519 nec
734 1455 857 1518 habere
870 1456 964 1536 quasi
981 1456 1078 1536 signa
1094 1455 1256 1536 quaedam
1274 1465 1307 1518 et

202 1571 307 1635 notas,
325 1561 444 1642 quibus
461 1582 517 1623 eos
534 1563 590 1642 qui
607 1561 649 1622 ad
667 1559 828 1622 amicitias
845 1570 958 1621 essent
974 1558 1094 1634 idonei,
1112 1558 1303 1621 iudicarent

203 1666 289 1729 Sunt
312 1666 412 1745 igitur
434 1665 518 1726 firmi
535 1674 567 1726 et
591 1664 727 1727 stabiles
749 1673 783 1726 et
805 1671 998 1726 constantes
1017 1661 1180 1743 eligendi;
1213 1662 1306 1725 cuius

203 1828 377 1880 ‘limiti—8.
406 1830 461 1879 Nec
482 1841 546 1880 vero
564 1866 570 1878 .
589 1866 595 1878 .
613 1866 619 1877 .
636 1827 728 1879 fama:
778 1840 880 1879 sermo:
902 1829 945 1879 ie.
965 1827 1110 1879 whenever
1130 1826 1307 1895 opportunity

199 1911 241 1961 ie.
261 1908 289 1960 in
308 1907 476 1976 performing
494 1906 536 1959 for
558 1923 607 1959 our
627 1906 730 1960 friends
778 1905 881 1960 offered
908 1908 937 1959 in
961 1907 1017 1959 this
1042 1906 1182 1959 discourse
1206 1906 1241 1960 he
1266 1924 1306 1959 re-

201 1997 259 2042 acts
296 1988 328 2042 of
363 2005 379 2040 a
416 1987 567 2040 somewhat
605 1987 729 2040 doubtful
778 1989 871 2042 verted
885 1996 913 2041 to
926 1988 972 2041 the
986 1986 1091 2056 subject
1102 1986 1133 2039 of
1142 1985 1304 2055 friendship.

205 2071 313 2138 (minus
328 2066 430 2134 mitae)
447 2067 593 2132 character,
604 2085 644 2120 we
658 2077 730 2120 must
777 2085 840 2118 —2.
864 2070 988 2121 omnibus
1001 2069 1029 2117 in
1040 2070 1135 2118 rebus:
1150 2084 1186 2120 sc.
1200 2071 1304 2120 celeris.

203 2150 271 2203 have
292 2149 388 2219 regard
408 2147 451 2201 for
470 2164 519 2201 our
540 2165 602 2200 own
623 2157 731 2216 reputa·
776 2166 841 2211 -3.
866 2149 1068 2214 diligentiores:
1101 2167 1139 2203 sc.
1164 2168 1249 2219 quam
1275 2153 1305 2202 in

202 2230 284 2289 tions.
333 2233 406 2282 Note
431 2227 478 2280 the
509 2228 731 2297 euphemism.-
777 2231 874 2282 amicis
897 2229 1123 2295 diligendis-4.
1151 2244 1204 2283 non
1226 2244 1306 2296 posse

202 2313 225 2360 8.
249 2324 296 2361 nec
308 2310 456 2360 mediocre:
474 2307 507 2361 cf.
521 2308 536 2372 ξ
549 2323 574 2374 4,
589 2326 642 2361 non
657 2311 730 2362 invi·
777 2311 879 2361 dicere:
913 2317 978 2362 note
1005 2309 1052 2362 the
1076 2309 1213 2363 chiasmus
1239 2312 1304 2363 with

201 2394 254 2440 tus.
267 2419 302 2427 -
315 2405 338 2450 9.
372 2389 406 2439 ad
429 2401 472 2439 res
495 2391 641 2452 gerendas:
674 2390 731 2443 ‘for
777 2389 864 2441 dt'cere
872 2394 961 2458 posse.
994 2390 1050 2442 For
1059 2390 1105 2443 the
1116 2389 1261 2460 repetition
1271 2390 1301 2445 of

202 2468 332 2537 realizing
350 2483 400 2519 our
417 2466 581 2520 ambitions'
603 2468 655 2537 (lit.
676 2470 731 2523 ‘lor
779 2475 868 2539 posse,
882 2470 916 2524 cf.
932 2470 947 2534 ξ
964 2485 1003 2539 19,
1014 2488 1068 2522 iton
1077 2475 1252 2539 palisi-5.
1276 2473 1305 2522 in

201 2548 293 2617 public
327 2546 413 2613 tife’),
446 2563 463 2598 a
495 2547 617 2614 political
652 2558 728 2602 term.
777 2551 835 2601 illis
853 2553 977 2617 quidem:
1001 2551 1112 2619 paridam
1134 2552 1305 2621 emphasizes

204 2629 354 2693 Gerendus,
379 2627 488 2679 instead
518 2627 550 2680 of
576 2629 622 2683 the
652 2632 729 2683 usual
777 2630 833 2681 illis
851 2630 905 2682 and
925 2632 1024 2684 carries
1043 2631 1078 2684 its
1097 2631 1171 2686 force
1189 2633 1260 2686 back
1275 2641 1305 2686 to

200 2709 328 2777 agendas,
342 2707 412 2760 after
430 2707 476 2760 the
495 2709 614 2778 analogy
633 2710 664 2763 of
679 2712 729 2764 bel·
776 2714 878 2778 capras
901 2717 927 2763 et
951 2714 1017 2764 ovis.
1028 2718 1096 2762 -6.
1122 2713 1202 2777 quasi
1225 2713 1305 2776 signa

200 2790 259 2841 lum
266 2806 370 2858 gerere,
382 2796 412 2839 to
426 2804 502 2857 carry
514 2797 562 2841 out
579 2790 626 2843 the
644 2801 729 2846 meta·
777 2795 909 2858 quaedam
924 2798 952 2845 et
969 2798 1063 2846 notas:
1090 2792 1169 2844 these
1194 2808 1304 2859 expres-

199 2870 269 2938 phor
288 2869 316 2921 iu
333 2869 467 2920 lelum.-
477 2888 515 2921 ιο.
538 2874 682 2926 blanditiis
701 2878 729 2926 et
775 2869 852 2923 sions
865 2870 947 2938 apply
956 2869 1062 2941 strictly
1072 2879 1101 2924 to
1114 2872 1208 2939 points
1218 2871 1250 2925 of
1258 2889 1305 2925 ex·

198 2950 378 3000 assentando:
407 2948 454 3000 the
479 2948 667 3003 combination
692 2950 723 3004 of
775 2950 894 3003 cellence
907 2951 934 3002 in
948 2950 1033 3020 sheep
1046 2952 1102 3004 and
1113 2960 1193 3021 goats
1206 2952 1261 3005 and
1274 2961 1305 3005 to

199 3028 290 3081 unlike
308 3028 496 3097 grammatical
516 3028 648 3083 elements
669 3031 728 3084 ina
774 3028 877 3083 brands
903 3031 1048 3101 employed
1075 3039 1106 3085 to
1136 3032 1304 3102 distinguish

198 3108 301 3161 similar
314 3108 502 3162 construction
521 3109 544 3162 is
564 3112 679 3163 unusual
699 3112 727 3163 in
774 3128 827 3164 one
853 3110 923 3164 flock
952 3110 1022 3164 from
1052 3112 1183 3177 another3
1216 3113 1304 3166 hence

156 3224 166 3239 .
198 3189 321 3242 classical
335 3188 431 3241 Latin:
446 3189 511 3242 here
522 3207 561 3242 we
572 3191 672 3244 should
682 3209 727 3244 ex·
773 3193 862 3259 quasi.
895 3190 1174 3261 Cf.§3,quasi.—7.
1196 3194 1301 3245 idonei:

199 3277 261 3336 pect
288 3269 376 3321 either
406 3277 460 3322 two
492 3286 582 3323 nouns
613 3289 644 3325 or
673 3280 727 3324 two
774 3271 870 3324 Cicero
889 3272 1023 3342 regularly
1038 3262 1161 3325 uses'ad
1171 3272 1234 3325 with
1254 3273 1303 3326 the

197 3349 328 3418 gerunds.
368 3350 421 3401 But
443 3348 476 3403 cf.
497 3349 511 3413 ξ
535 3364 576 3415 74,
597 3353 722 3404 venandi
773 3351 926 3404 accusative
944 3351 1014 3405 after
1031 3353 1144 3405 idoneus
1156 3353 1236 3405 when
1255 3352 1303 3406 the

197 3436 249 3482 aut
267 3430 345 3498 pr'lue
369 3430 493 3481 studiosi.
507 3462 542 3469 -
556 3447 594 3481 11.
621 3433 724 3483 virtus:
774 3448 848 3484 noun
861 3431 1020 3500 depending
1035 3449 1072 3485 ou
1088 3433 1201 3486 idoneus
1219 3432 1303 3486 refers

198 3518 262 3563 note
277 3511 323 3564 the
337 3509 507 3563 antithetical
521 3511 683 3579 asyndeton.
773 3520 803 3565 to
826 3529 861 3564 an
887 3511 1036 3566 inanimate
1062 3512 1161 3582 object,
1182 3512 1231 3566 but
1256 3514 1303 3566 the

241 3592 288 3641 62.
313 3593 368 3645 Sed
379 3610 384 3641 :
405 3590 553 3658 interrupte
570 3591 617 3643 the
630 3607 726 3645 course
773 3592 864 3645 dative
874 3592 954 3644 when
964 3593 985 3645 it
995 3592 1078 3646 refers
1089 3601 1118 3647 to
1128 3611 1144 3646 a
1153 3611 1304 3662 person.-

197 3671 228 3724 of
238 3672 281 3723 his
295 3688 356 3723 own
370 3669 547 3723 meditations
559 3679 589 3723 to
599 3679 686 3724 revert
697 3680 725 3725 to
773 3679 795 3723 8.
808 3673 879 3723 firmi
891 3711 897 3722 .
911 3710 916 3722 .
931 3711 936 3721 .
949 3675 1079 3724 stabiles.
1093 3712 1098 3723 .
1111 3713 1117 3724 .
1129 3675 1302 3725 constantes:

198 3751 314 3818 Scipio's
323 3750 539 3802 discourse—1.
553 3751 628 3802 cuius
637 3753 726 3803 omnis
773 3753 904 3818 “firmus,
926 3753 1081 3827 ‘'resolute,l
1103 3753 1150 3807 the
1176 3752 1303 3807 firmness

727 3852 776 3890 110
