2942 4276
555 296 591 344 M.
614 295 717 344 TVLLI
741 294 927 345 CICERONIS

441 368 551 469 mu?
560 352 681 473 &les
752 460 758 473 .
913 463 919 475 .
1050 462 1057 475 .

194 480 404 524 communem
417 471 451 524 et
462 469 735 536 consentientem,
749 461 783 522 id
799 471 849 523 est
865 481 922 542 qur
937 462 1036 525 rebus
1048 460 1153 526 1sdem
1167 483 1296 528 movea-

170 576 256 640 stur,
281 565 359 646 eligi
390 585 450 646 par
475 576 535 640 est,
561 585 647 647 quae
677 566 789 626 omnia
819 567 987 644 pertinent
1010 566 1052 628 ad
1082 566 1294 643 fidelitatem,

194 690 302 751 neque
317 670 405 731 enim
418 669 520 731 fidum
537 678 647 750 potest
662 689 736 732 esse
749 669 923 751 multiplex
939 669 1109 750 ingenium
1125 679 1159 733 et
1173 680 1296 734 tortuo

194 795 277 849 sum,
294 793 402 856 neque
423 793 512 848 ver0,
533 773 589 854 qui
607 793 673 835 non
682 773 798 843 isdem
817 773 916 835 rebus
938 784 1088 837 movetur
1108 784 1295 857 naturaque

194 878 369 953 consentit,
395 887 452 940 aut
479 877 563 940 fidus
591 886 648 939 aut
671 876 797 940 stabilis
824 886 936 959 potest
958 897 1041 941 esse.
1088 878 1294 941 Addendum

193 984 309 1046 eodem
328 992 387 1059 est,
410 991 447 1044 ut
469 1002 512 1044 ne
534 981 725 1044 criminibus
745 989 802 1042 aut
825 981 1008 1044 inferendis
1032 982 1214 1045 delectetur
1237 993 1295 1046 aut

155 1115 185 1149 ιο
194 1087 308 1150 credat
334 1087 463 1162 oblatis
487 1107 573 1168 quae
596 1085 766 1168 pertinent
787 1085 900 1149 omnia
923 1086 965 1148 ad
988 1106 1072 1161 eam,
1097 1107 1197 1168 quam
1228 1086 1293 1149 iarn

86 1218 89 1221 ·
194 1191 320 1254 dudum
340 1201 454 1268 tracto,
472 1193 702 1257 constantiam.
751 1192 803 1253 Ita
822 1192 858 1253 fit
879 1209 995 1253 verum
1019 1189 1109 1267 illud,
1127 1191 1216 1272 quod
1236 1191 1295 1253 ini-

193 1297 239 1358 tio
262 1295 337 1371 dixi,
361 1297 540 1358 amicitiam
564 1295 628 1358 nisi
650 1297 737 1358 inter
759 1295 866 1358 bonos
889 1315 962 1357 esse
985 1315 1053 1357 non
1076 1315 1185 1377 posse.
1232 1296 1295 1358 Est

193 1399 281 1461 enim
304 1399 384 1463 boni
402 1400 471 1475 viri,
490 1420 588 1482 quern
604 1400 747 1462 eundem
768 1398 1050 1480 sapientemlicet
1071 1399 1190 1473 dicere,
1210 1400 1293 1462 haec

194 1504 259 1566 duo
283 1514 397 1568 tenere
421 1506 454 1566 in
478 1504 640 1567 amicitia:
673 1503 815 1584 primum
838 1523 881 1565 ne
904 1502 984 1584 quid
1007 1503 1120 1565 fictum
1144 1503 1187 1565 sit
1209 1522 1294 1565 neve

154 1618 182 1671 Ι5
194 1607 384 1670 simulatum
399 1628 405 1683 ;
430 1619 545 1690 aperte
561 1608 648 1671 enim
661 1607 713 1670 vel
730 1606 839 1670 odisse
851 1606 958 1687 magis
973 1606 1111 1687 ingenui
1126 1616 1177 1669 est
1193 1627 1293 1688 quam

193 1712 304 1774 fronte
325 1712 491 1775 occultare
513 1711 712 1775 sententiam
724 1732 731 1788 3
758 1710 879 1773 deinde
900 1731 967 1773 non
988 1710 1095 1773 solum
1118 1710 1160 1773 ab
1184 1710 1294 1792 aliquo

194 1815 311 1892 allatas
332 1815 578 1879 criminationes
599 1816 770 1898 repellere,
794 1814 916 1876 sedne
938 1813 1047 1896 ipsum
1069 1813 1202 1896 quidem
1220 1833 1294 1877 esse

193 1998 236 2052 for
248 1999 295 2052 the
309 2000 400 2065 mood,
414 1999 448 2053 cf.
465 1999 479 2063 ξ
494 2015 535 2066 22,
548 2001 717 2068 conquiescit.
766 1999 858 2066 upon)
882 1996 923 2049 cf.
934 1999 948 2063 ξ
959 1996 1001 2060 62,
1010 2002 1077 2048 sunt
1085 1999 1173 2065 igitm
1183 2035 1189 2046 .
1201 2035 1207 2047 .
1218 2035 1224 2047 .
1234 1984 1295 2049 cori-

193 2096 262 2142 —3.
284 2080 445 2144 simplicem
466 2120 472 2130 .
495 2119 501 2130 .
524 2120 530 2130 .
551 2093 720 2131 communem
766 2084 965 2130 slantes—11.
980 2077 1026 2127 fit:
1043 2077 1294 2143 ‘becomes,'i.e.as

196 2200 202 2210 .
226 2199 232 2210 .
255 2199 261 2210 .
281 2159 511 2211 consentientem:
531 2158 664 2210 ‘frank'.
686 2197 692 2208 .
712 2196 718 2207 .
767 2175 783 2210 a
800 2158 882 2211 result
896 2156 927 2210 of
936 2157 978 2210 his
991 2165 1233 2226 argument-11.
1254 2158 1296 2209 in-

195 2238 395 2310 ‘congenial’.
418 2278 424 2290 .
448 2238 721 2310 .‘sympathetic.'-
768 2239 831 2290 itio:
851 2236 885 2290 cf.
901 2239 915 2304 5
930 2238 1062 2300 18.—13.
1094 2238 1158 2290 boni
1169 2241 1239 2291 viri:
1258 2237 1293 2292 cf.

194 2339 219 2383 4.
240 2323 317 2371 rebus
330 2320 417 2371 isdem
428 2323 584 2372 moveatur:
604 2319 644 2372 ‘is
663 2318 721 2370 ani·
769 2321 783 2385 ξ
798 2319 821 2384 8,
835 2318 1073 2370 humanitatis-
1083 2335 1122 2381 13.
1144 2332 1245 2383 quem.
1263 2360 1270 2371 .
1287 2359 1293 2373 .

194 2400 286 2453 mated
303 2399 340 2468 by
357 2399 404 2452 the
420 2416 495 2452 same
513 2399 721 2468 principles.’-
767 2401 868 2452 dicere:
882 2417 920 2454 sc.
934 2400 1010 2467 nvidi,
1025 2401 1131 2454 ‘whom
1141 2401 1199 2454 also
1210 2405 1221 2456 1
1233 2420 1296 2473 may

194 2488 219 2532 6.
241 2481 401 2545 multiplex:
433 2484 533 2549 ‘many
557 2480 652 2545 sided,'
674 2479 721 2533 the
768 2480 819 2533 call
844 2481 929 2535 vise!
966 2483 1021 2535 For
1045 2481 1091 2534 the
1116 2480 1234 2552 thought
1257 2482 1293 2537 cf.

194 2560 320 2630 opposite
340 2559 372 2613 of
386 2560 502 2628 simplex
514 2561 610 2627 above,
625 2561 720 2627 hence,
769 2563 783 2628 ὅ
801 2562 841 2614 18.
854 2593 888 2600 -
900 2580 938 2625 14.
959 2564 1011 2614 duo
1030 2563 1139 2613 tenere:
1159 2571 1224 2616 note
1247 2565 1296 2618 the

195 2642 270 2711 ‘sly,'
295 2641 457 2694 ‘deceitfuL'
467 2674 503 2681 -
512 2649 536 2694 6.
564 2642 720 2706 ingenium:
768 2642 829 2695 lack
842 2642 873 2697 of
888 2642 1054 2712 parallelism
1067 2641 1095 2694 in
1103 2645 1232 2711 prmum
1244 2644 1296 2698 iol-

194 2723 227 2776 cl.
253 2725 307 2789 ξι,
331 2723 438 2775 solebat.
452 2731 524 2775 -6.
554 2724 720 2775 tortuosum:
768 2724 856 2778 lowed
878 2724 914 2794 by
938 2741 955 2776 a
976 2723 1103 2794 negative
1124 2725 1296 2794 subjunctive

195 2803 292 2874 ‘wily.'
306 2836 340 2843 -
353 2819 378 2866 7.
404 2806 553 2869 naturaque
571 2803 720 2855 consentit:
768 2805 858 2858 clause
871 2805 927 2857 and
941 2805 1039 2857 demde
1057 2803 1184 2859 followed
1201 2807 1238 2876 by
1250 2824 1297 2860 ex-

194 2902 231 2938 sc.
240 2902 303 2951 non,
311 2885 423 2953 implied
436 2884 506 2938 from
515 2885 563 2937 the
573 2883 722 2954 preceding
768 2886 910 2956 planatory
927 2884 1060 2938 infinitive
1078 2885 1182 2940 clauses
1202 2887 1230 2939 in
1249 2904 1297 2956 ap·

195 2983 257 3032 non,
277 2965 362 3019 ‘does
385 2974 433 3020 not
458 2965 592 3035 naturally
614 2965 721 3018 harmo·
768 2967 889 3035 position
903 2966 967 3019 with
980 2968 1044 3019 duo.
1083 2966 1156 3019 Such
1174 2966 1295 3021 lreedom

195 3046 348 3110 nize.’-9.
374 3050 482 3100 eodem:
512 3050 558 3100 ‘to
578 3047 625 3100 the
645 3063 721 3101 same
768 3048 796 3100 in
806 3056 997 3119 arrangement
1010 3047 1033 3100 is
1046 3047 1249 3102 characteristic
1260 3047 1292 3102 of

194 3130 404 3195 purport.'—9.
430 3131 523 3181 utne:
543 3128 578 3182 cf.
600 3127 670 3194 ξφ,
689 3135 721 3180 ut
767 3128 913 3198 colloquial
938 3127 1039 3197 speech
1064 3128 1120 3180 and
1140 3127 1223 3199 'gives
1248 3128 1296 3183 the

194 3224 236 3259 ne.
246 3226 313 3270 -9.
329 3211 503 3261 criminibus:
519 3209 720 3276 ‘accusations,'
767 3227 847 3279 essay
859 3227 876 3262 a
894 3226 970 3263 more
983 3208 1201 3263 conversational
1218 3217 1295 3263 tone.

195 3287 393 3359 ‘backbiting'
429 3289 470 3342 Cf.
497 3291 569 3359 §89,
590 3292 718 3359 peccaui.
768 3289 810 3343 Cf.
826 3293 840 3357 ξ
855 3304 879 3356 7,
891 3296 918 3343 tc
929 3297 1125 3352 autem—14.
1139 3290 1233 3341 fictum
1242 3290 1297 3342 sit:

194 3369 249 3421 For
267 3369 314 3423 the
332 3369 459 3437 ablative,
477 3369 511 3423 cf.
527 3373 541 3437 5
556 3386 598 3438 22,
611 3370 676 3422 illis.
686 3400 720 3410 -
768 3371 803 3424 cf.
819 3371 886 3438 526,
899 3370 1144 3439 nihilfictum,etc.
1154 3399 1189 3408 -
1201 3383 1239 3432 15.
1251 3372 1297 3422 vel

194 3465 219 3510 9.
246 3451 394 3503 inferendis
419 3489 425 3502 .
449 3490 455 3502 .
482 3490 487 3502 .
510 3452 624 3504 oblatis:
656 3457 721 3504 note
768 3453 872 3504 odisse:
894 3455 980 3504 ‘even
1000 3459 1028 3503 to
1042 3448 1141 3503 hateil
1155 3466 1209 3519 you
1223 3449 1298 3501 will'

193 3530 241 3583 the
261 3530 408 3584 chiasmus.
448 3532 551 3584 Credat
566 3531 670 3596 oblatis,
687 3530 719 3584 cf.
768 3530 810 3582 Cf.
827 3530 880 3597 54,
899 3533 1073 3597 merninisset,
1094 3530 1149 3583 and
1169 3529 1222 3593 ἐκ,
1241 3529 1295 3582 vel.

194 3611 345 3663 ICorz'nth.
360 3610 420 3662 xiii:
428 3622 451 3676 5,
462 3613 575 3664 “Love.
590 3650 596 3661 .
611 3649 616 3662 .
630 3610 721 3663 think·
766 3618 854 3662 -16.
886 3612 989 3664 fronte:
1022 3610 1215 3679 ‘expression,'
1255 3627 1295 3663 sc.

194 3689 241 3743 eth
252 3706 289 3742 no
297 3688 460 3741 evil.”—11.
472 3693 571 3743 tracto:
585 3690 720 3744 ‘touched
759 3693 840 3759 ficta.
878 3690 921 3743 Cf.
940 3692 1026 3761 Verg.
1040 3693 1078 3743 A.
1098 3705 1123 3758 4,
1136 3703 1196 3757 477,
1211 3690 1298 3758 Spem

722 3792 771 3843 114
