2942 4276
188 312 202 378 ς
221 313 315 380 52-53]
555 314 593 364 u,
613 313 719 364 rvtm
742 312 929 365 crcnnouts

232 481 306 544 XV.
353 498 404 560 52.
439 481 517 543 Non
541 500 621 561 ergo
643 489 741 543 erunt
765 478 918 544 homines
949 478 1076 543 deliciis
1100 479 1291 544 diffluentes

188 584 354 660 audiendi,
372 584 400 647 si
415 584 548 666 quando
565 583 607 647 de
623 583 776 659 amicitia,
795 604 895 666 quam
912 603 973 647 nec
994 604 1057 646 usu
1080 604 1143 648 nec
1162 585 1291 650 ratione

189 689 314 751 habent
329 687 508 770 cognitam,
526 687 752 770 disputabunt.
801 689 889 751 Nam
906 689 979 769 quis
996 697 1057 763 est,
1075 709 1136 770 pro
1152 689 1290 753 deorum

189 793 289 855 fidem
299 801 400 874 atque
410 791 597 855 hominurn!
622 793 679 874 qui
693 791 781 867 velit,
794 801 830 854 ut
842 811 950 873 neque
962 791 1078 873 diligat
1089 813 1290 876 quemquam

165 917 252 978 5nec
261 898 334 978 ipse
350 896 392 958 ab
403 896 469 959 ullo
486 895 650 977 diligatur,
663 895 890 958 circumfluere
903 896 1058 960 omnibus
1073 897 1178 979 copiis
1190 908 1292 980 atque

189 1001 223 1063 in
254 1002 403 1063 omnium
433 1019 543 1062 rerum
575 999 779 1061 abundantia
808 999 943 1062 vivere?
998 1001 1094 1065 Haec
1121 1002 1210 1065 enim
1239 1012 1293 1066 est

189 1114 407 1190 tyrannorum
422 1103 489 1166 vita
505 1103 670 1179 nimirum,
688 1104 722 1165 in
739 1124 809 1185 qua·
824 1104 917 1167 nulla
938 1104 1030 1181 fides,
1047 1105 1138 1168 nulla
1160 1105 1290 1183 caritas,

190 1208 281 1271 nulla
292 1206 417 1270 stabilis
426 1206 679 1270 benevolentiae
690 1217 801 1290 potest
813 1227 887 1271 esse
900 1207 1030 1284 fiducia,
1038 1209 1149 1273 omnia
1159 1230 1292 1293 semper

191 1321 347 1395 suspecta
363 1321 463 1393 atque
479 1310 629 1386 sollicita,
646 1311 757 1374 nullus
775 1313 867 1375 locus
883 1311 1056 1376 amicitiae.

234 1434 286 1495 53.
319 1415 404 1497 Quis
420 1414 508 1477 enim
526 1424 583 1477 aut
599 1434 676 1477 eum
693 1414 810 1496 diligat
827 1436 927 1498 quem
943 1426 1078 1493 metuat,
1096 1427 1153 1480 aut
1171 1438 1248 1481 eum
1271 1439 1292 1481 a

191 1541 256 1603 quo
288 1539 324 1582 se
347 1519 450 1583 metui
480 1520 598 1601 putet?
645 1519 808 1583 Coluntur
830 1530 943 1584 tamen
967 1522 1177 1584 simulatione
1200 1522 1293 1586 dum·

235 1704 281 1752 52.
306 1714 422 1765 ergo..
444 1738 449 1751 .
469 1701 638 1752 diffluentes:
652 1707 718 1753 note
765 1699 950 1768 sapientium!
982 1699 1046 1753 The
1056 1699 1190 1754 insertion
1199 1701 1231 1755 of
1237 1701 1293 1755 this

192 1783 238 1837 the
251 1781 352 1835 double
369 1780 543 1834 alliteration.
582 1779 718 1848 Diffluen-
766 1779 929 1833 affirmation
960 1779 1094 1834 indicates
1122 1780 1169 1835 the
1196 1790 1294 1852 strong

191 1870 238 1929 tes,
256 1862 295 1915 lit.
316 1860 441 1931 ‘flowing
466 1862 561 1929 apart’
587 1860 719 1914 ‘dissolv-
767 1860 868 1930 feeling
886 1860 1058 1914 entertained
1075 1859 1113 1930 by
1128 1862 1236 1915 Laelius
1254 1880 1293 1916 on

192 1944 256 2014 ing,'
276 1943 364 1996 hence
385 1940 568 1995 ‘weakened'
611 1940 719 1994 Laelius
766 1941 814 1995 the
828 1940 908 2010 point
925 1941 959 1995 he
975 1941 997 1994 is
1010 1939 1095 1994 about
1112 1949 1141 1994 to
1159 1942 1292 1996 make.-

192 2023 291 2094 speaks
322 2022 354 2076 of
386 2022 433 2075 the
464 2021 633 2091 Epicureans
664 2021 719 2074 and
767 2040 792 2085 4.
818 2025 867 2074 ut:
896 2029 950 2074 ‘on
969 2020 1110 2075 condition
1133 2022 1211 2075 that!
1246 2022 1291 2076 Cf.

192 2108 340 2178 Cyrenaics
368 2106 529 2161 mentioned
562 2105 590 2158 in
622 2104 654 2172 ἓξ
685 2119 717 2173 45
767 2103 889 2167 Plautus,
898 2101 1115 2168 Men.216,217,
1126 2109 1258 2172 nequam
1267 2109 1294 2156 te

192 2189 247 2242 and
266 2188 309 2253 46.
319 2206 385 2240 -2.
405 2203 453 2242 nec
467 2203 518 2241 usu
534 2202 582 2240 nec
599 2188 719 2239 ratione:
770 2184 900 2252 perdum,
914 2198 1033 2235 mercam
1048 2183 1163 2235 deorum
1177 2184 1294 2237 divz'tzizs

194 2272 315 2326 ‘neither
327 2272 398 2327 from
415 2268 543 2340 practical
559 2266 720 2336 experience
768 2264 845 2330 milti,
854 2267 919 2316 ‘nor
926 2262 1016 2315 would
1027 2264 1038 2314 l
1049 2261 1112 2315 take
1122 2263 1177 2331 (lit.
1187 2265 1291 2333 ‘earn')

194 2373 245 2409 nor
280 2354 350 2408 from
386 2355 587 2424 theory.’-3.
619 2351 721 2401 habent
767 2344 814 2397 the
825 2343 922 2397 wealth
934 2342 965 2396 ol
975 2344 1091 2396 Heaven
1103 2359 1140 2396 on
1149 2344 1294 2398 condition

193 2438 346 2501 cognitam:
361 2435 458 2489 Cicero
472 2430 655 2500 occasionally
665 2446 721 2483 em·
768 2424 829 2477 that
842 2426 853 2476 Ι
868 2423 926 2478 lose
939 2424 1092 2492 you.’—-4.
1118 2425 1219 2489 diligat
1236 2462 1242 2475 .
1260 2461 1266 2472 .
1286 2462 1293 2475 .

194 2517 294 2587 ployed
323 2517 421 2569 habere
444 2514 509 2567 with
540 2514 588 2567 the
619 2510 722 2580 perfect
768 2506 877 2557 vivere:
892 2512 957 2558 note
973 2503 1021 2557 the
1038 2502 1138 2557 double
1156 2501 1294 2561 chiasrnus

194 2596 335 2667 participle
359 2613 390 2650 as
414 2614 454 2650 we
479 2594 536 2647 find
560 2593 582 2647 it
603 2592 671 2645 used
693 2591 722 2644 in
769 2587 797 2639 in
806 2583 1170 2654 thearrangementofthese
1180 2582 1294 2636 clauses.

195 2679 242 2731 the
272 2677 387 2730 modern
417 2676 576 2746 lauguages,
604 2672 721 2738 French,
768 2673 835 2718 -6.
860 2667 1097 2719 omniumrerum:
1113 2681 1129 2717 a
1141 2661 1296 2732 pleonastic

196 2758 302 2825 Italian,
331 2765 383 2812 etc.
440 2759 473 2809 ln
503 2756 622 2809 Cicero’s
656 2753 722 2807 time
768 2747 889 2818 genitive
899 2746 931 2800 of
936 2745 1090 2799 definition.
1105 2744 1295 2798 Cidarcrum

194 2839 292 2892 habere
319 2837 461 2892 doubtless
488 2834 611 2890 retained
642 2833 722 2887 much
769 2835 962 2891 natura-7.
988 2827 1215 2890 nimiruminqua
1233 2862 1239 2874 .
1260 2862 1266 2874 .
1287 2862 1294 2874 .

196 2919 228 2974 ol
255 2919 290 2972 its
318 2935 380 2974 own
408 2917 490 2983 force,
514 2916 564 2970 but
593 2914 631 2985 by
655 2915 724 2968 later
768 2916 942 2979 potestesse:
964 2905 1213 2960 ‘inwhich-and
1225 2903 1297 2957 little

196 3001 299 3053 writers
335 3017 391 3053 was
427 2998 568 3070 gradually
604 2994 728 3049 reduced
770 2989 943 3043 wonderl—
956 2988 1033 3042 there
1081 2988 1146 3041 cau’
1194 2992 1246 3039 etc.
1260 3016 1298 3024 -

196 3080 225 3133 in
255 3080 433 3149 importance,
463 3078 531 3132 until
565 3077 612 3131 the
642 3075 724 3145 parti·
770 3079 795 3124 8.
809 3071 1147 3127 stabilisbenevolentiae:
1161 3065 1298 3135 objective

197 3160 267 3230 ciple
289 3160 435 3214 contained
460 3160 507 3213 the
528 3157 639 3226 leading
662 3156 725 3209 idea
770 3152 899 3223 genitive,
932 3147 1037 3202 stabilit
1065 3147 1196 3218 agreeing
1223 3145 1298 3203 uith

197 3242 253 3294 and
276 3241 375 3294 habere
399 3240 513 3294 became
537 3255 574 3291 an
594 3236 725 3305 auxiliary
770 3231 1049 3287 benevolentiae-8.
1073 3228 1166 3280 omnia
1182 3241 1299 3292 semper,

198 3320 273 3376 verb.
300 3321 343 3374 Cf.
357 3320 423 3391 597,
432 3320 606 3389 exploratum
617 3317 723 3370 habeus.
771 3321 842 3368 etc:
868 3312 910 3366 lor
927 3310 974 3363 the
992 3308 1163 3385 antithetical
1181 3307 1300 3378 asynde·

199 3434 234 3441 —
243 3420 268 3465 3.
293 3415 341 3467 pro
358 3441 364 3453 .
382 3440 389 3453 .
407 3401 520 3452 .lidem:
538 3397 725 3468 interjections
772 3402 829 3458 ton,
842 3392 876 3447 cf.
892 3394 906 3459 ς
921 3406 944 3461 5,
957 3397 989 3443 tu
1000 3390 1092 3456 velim,
1105 3396 1157 3443 etc.

199 3481 228 3535 in
237 3481 348 3552 general
361 3480 398 3534 do
412 3488 460 3533 not
469 3478 550 3533 affect
563 3478 610 3532 the
621 3495 682 3531 case
693 3476 725 3531 of
816 3476 863 3525 53.
888 3474 953 3541 Quis
966 3510 972 3522 .
987 3510 993 3522 .
1008 3510 1014 3523 .
1027 3474 1122 3537 putet:
1145 3469 1217 3524 Lord
1230 3469 1301 3523 cites

200 3563 247 3616 the
254 3561 343 3616 words
351 3559 506 3615 associated
514 3558 578 3612 with
587 3559 671 3623 them,
679 3572 725 3627 cg.
776 3571 786 3608 1
796 3555 871 3620 John
881 3555 921 3607 iv:
932 3554 978 3606 18:
999 3551 1113 3605 “There
1123 3551 1147 3606 is
1158 3567 1194 3604 no
1204 3550 1261 3604 fear
1270 3550 1301 3603 in

203 3643 272 3696 Odi
281 3640 465 3693 zmnzortales!
484 3640 538 3692 and
552 3639 576 3692 0
588 3656 647 3692 rem
655 3638 727 3707 pub·
774 3636 845 3701 love,
861 3635 909 3688 but
928 3632 1031 3702 perfect
1048 3633 1110 3685 love
1128 3630 1233 3685 casteth
1252 3638 1302 3684 out

201 3722 300 3775 licam!
336 3720 379 3774 Cf.
407 3722 485 3787 547,
507 3718 727 3788 Opraeclaram
774 3715 931 3769 sear.'’-2.
957 3716 1063 3766 tamen:
1081 3711 1188 3782 implies
1207 3728 1303 3782 quum·

731 3817 781 3856 100
