2942 4276
527 339 676 397 marrus
699 340 749 397 oa
770 339 933 397 micina
1149 338 1177 413 [r
1195 341 1288 413 not

176 531 242 601 qua
258 510 330 592 nisi,
348 526 385 578 ut
400 515 528 590 dicitur,
546 524 696 594 apertum
720 523 837 595 pectus
852 514 967 577 videas
985 523 1146 597 tuumque
1170 523 1276 577 osten·
1286 542 1299 594 5

176 623 246 697 das
263 621 346 682 nihil
361 619 473 694 fidum,
485 618 568 680 nihil
583 619 790 699 exploratum
807 617 941 693 habeaS,
955 638 997 680 ne
1013 638 1125 680 amare
1142 618 1275 700 quidem

177 735 234 788 aut
257 723 369 798 amari,
387 744 471 798 cum,
489 722 523 784 id
549 742 648 804 quam
672 742 750 785 vere
781 723 848 798 fiat,
872 723 1014 803 ignores.
1062 722 1275 804 Quamquam

135 848 136 851 ’
176 828 239 891 ista
264 826 454 901 assentatio,
478 827 629 907 quamvis
654 825 842 907 perniciosa
872 827 922 901 sit,
940 846 1060 889 nocere
1084 838 1196 888 tamen
1221 847 1277 889 ne-

177 934 257 995 mini
280 940 390 1012 potest
413 931 477 992 hisi
504 930 534 993 ei
564 929 620 1012 qui
646 949 720 992 eam
752 929 870 1011 recipit
897 940 996 1011 atque
1020 950 1059 993 ea
1082 930 1273 993 delectatur.

179 1039 232 1101 Ita
248 1038 292 1113 fit,
310 1046 347 1100 ut
367 1038 395 1099 is
416 1035 678 1098 assentatoribus
702 1034 884 1116 patefaciat
903 1054 999 1096 aures
1023 1055 1100 1097 suas
1123 1035 1273 1111 maxime,
1287 1070 1317 1106 10

176 1144 233 1226 qui
248 1142 320 1223 ipse
337 1140 399 1203 sibi
415 1148 602 1203 assentetur
617 1149 651 1202 et
667 1159 703 1201 se
720 1140 861 1201 maxime
877 1138 950 1219 ipse
966 1139 1117 1202 delectet.

220 1250 272 1327 98.
305 1247 452 1311 Omnino
469 1255 520 1308 est
536 1265 652 1308 amans
668 1243 719 1306 sui
739 1243 843 1306 virtus
854 1265 861 1320 ;
886 1244 1010 1324 optime
1032 1245 1119 1307 enim
1144 1264 1179 1306 se
1203 1243 1275 1327 ipsa

176 1354 277 1428 novit,
295 1372 462 1435 quamque
477 1349 628 1414 amabilis
645 1349 695 1426 sit,
712 1348 883 1430 intellegit.
932 1348 1006 1430 Ego
1022 1360 1133 1410 autem
1149 1349 1275 1411 nonde

161 1459 295 1520 ‚virtute
311 1478 400 1521 nunc
417 1458 534 1540 loquor
550 1458 609 1520 sed
625 1457 667 1520 de
682 1455 813 1519 virtutis
829 1454 993 1537 opinione.
1040 1454 1171 1517 Virtute
1186 1453 1274 1518 enim

176 1563 249 1643 ipsa
264 1583 332 1625 non
348 1571 417 1625 tam
433 1562 527 1624 multi
544 1561 685 1643 praediti
700 1581 774 1624 esse
793 1580 893 1648 quam
908 1558 1013 1622 videri
1028 1559 1152 1621 volunt.
1200 1560 1275 1622 Hos

176 1666 525 1749 delectatlassentatm,
542 1665 593 1728 his
609 1667 705 1728 fictus
721 1665 764 1727 ad
782 1664 930 1746 ipsorum
945 1664 1150 1726 voluntatem
1167 1683 1298 1736 sermos

76 1772 92 1785 “
176 1768 252 1833 cum
276 1746 462 1847 adhibetur,
480 1770 663 1834 orationem
687 1769 777 1832 illam
801 1789 923 1832 vanam
951 1767 1177 1831 testimonium
1201 1788 1275 1831 esse

177 1876 311 1938 laudum
337 1896 471 1938 suarum
496 1884 625 1956 putant.
688 1875 789 1936 Nulla
813 1883 864 1936 est
887 1872 989 1954 igitur
1013 1873 1096 1935 haec
1121 1872 1273 1949 amicitia,

177 2001 251 2043 cum
283 1981 367 2042 alter
395 1999 510 2042 verum
539 1979 652 2041 audire
678 1999 744 2042 non
771 1979 850 2053 vult,
869 1978 952 2040 alter
979 1977 1020 2038 ad
1048 1977 1274 2039 mentiendum
1347 2036 1350 2043 .

176 2165 267 2215 ances,
292 2148 325 2202 cf.
346 2147 415 2216 §58,
434 2165 519 2217 neque
542 2149 615 2200 enim
636 2187 642 2198 .
665 2187 671 2198 .
694 2188 700 2199 .
750 2147 790 2200 Cl.
818 2146 927 2212 Sallust,
955 2146 1077 2213 cautim,
1104 2161 1145 2215 54,
1172 2159 1194 2213 ς,
1222 2163 1277 2198 esse

176 2235 386 2297 congeratur.—
396 2247 421 2291 4.
442 2230 554 2293 inqua:
574 2226 657 2281 refers
674 2235 703 2281 to
748 2245 834 2296 quam
869 2227 963 2280 vadari
989 2227 1074 2279 bonus
1109 2226 1277 2279 malebat.—

176 2311 349 2361 amicitia—
356 2325 380 2373 5.
400 2309 556 2360 utdicitur:
581 2307 702 2373 cf.§10,
749 2323 774 2371 5.
794 2308 912 2359 delectat
934 2348 939 2358 .
962 2348 968 2358 .
991 2346 997 2357 .
1017 2309 1132 2373 putant:
1152 2316 1217 2360 note
1230 2307 1277 2360 the

176 2395 208 2441 ut
230 2392 367 2462 ath-6.
393 2390 564 2454 exploratum
586 2391 702 2440 habeas:
749 2387 912 2458 asyndeton.
926 2419 962 2426 -
977 2402 1001 2450 5.
1034 2388 1199 2439 assentatio:
1235 2387 1277 2441 lor

176 2468 210 2523 cf.
238 2468 309 2539 §sa
332 2470 432 2522 habent
449 2470 599 2537 'cognitane
646 2471 702 2520 Ex·
750 2469 796 2521 the
817 2468 943 2537 thought,
969 2467 1002 2521 cf.
1023 2471 1178 2537 §93.-6.
1197 2469 1277 2520 testi-

174 2549 325 2624 ploratum,
350 2549 473 2618 literally,
496 2548 599 2601 ‘found
623 2551 701 2616 out’3
749 2549 885 2601 monium:
917 2549 1107 2618 ‘proof.’-7.
1130 2551 1214 2601 Nulla
1235 2551 1277 2601 est

177 2630 596 2696 hence,‘reliable,'‘'sure.’-6.
611 2643 703 2680 amare
750 2629 849 2692 igitur:
869 2630 956 2696 niella,
981 2638 1108 2699 stronger
1126 2630 1193 2682 than
1212 2647 1275 2683 non.

179 2750 184 2761 .
208 2751 214 2762 .
237 2751 243 2762 .
263 2712 364 2763 amari:
389 2712 436 2764 the
461 2710 608 2764 infinitives
633 2711 703 2763 have
749 2711 835 2777 Nam,
849 2728 968 2779 namque
980 2710 1034 2762 and
1051 2713 1144 2779 itaque
1155 2727 1200 2763 are
1215 2728 1277 2763 usu-

175 2798 201 2844 te
213 2790 255 2845 for
273 2791 344 2844 their
362 2791 467 2862 subject
485 2791 540 2843 and
559 2809 603 2845 are
616 2792 645 2844 in
657 2809 704 2860 ap·
750 2794 804 2864 ally
819 2785 925 2863 'placed
953 2796 1011 2849 first
1036 2795 1064 2847 in
1089 2813 1105 2847 a
1128 2804 1275 2862 sentence3

176 2871 298 2942 position
320 2873 386 2925 with
411 2872 491 2925 nihil.
506 2903 540 2911 -—
553 2888 578 2936 7.
605 2874 704 2939 Quam·
750 2878 823 2928 enim
846 2876 902 2929 and
927 2879 1022 2946 agetur,
1046 2877 1153 2946 usually
1177 2877 1205 2929 in
1230 2876 1277 2930 the

177 2970 274 3021 quam:
294 2954 362 3007 ‘and
383 2955 541 3024 yet.'-1r.
561 2954 621 3018 ipse
635 2953 704 3004 sibi:
751 2957 855 3011 second
874 2958 958 3026 place,
972 2958 1021 3012 but
1033 2975 1095 3027 may
1107 2958 1188 3010 stand
1204 2957 1277 3011 third

164 3034 210 3089 .cf.
225 3034 240 3099 ξ
254 3050 278 3104 5,
291 3038 358 3105 ipse.
751 3039 831 3091 when
851 3039 897 3092 the
915 3039 974 3092 first
992 3038 1047 3091 and
1066 3040 1170 3092 second
1188 3040 1278 3092 words

212 3119 260 3169 98.
287 3119 417 3173 Omnino:
437 3119 471 3175 cf.
494 3120 566 3190 569,
585 3122 704 3173 omnino
752 3129 854 3176 cannot
890 3121 925 3176 be
958 3121 1043 3190 easily
1073 3122 1216 3189 separated
1248 3138 1279 3173 or
1324 3137 1327 3142 ·

177 3216 245 3250 —2.
266 3199 358 3252 novit:
389 3201 422 3255 cf.
448 3204 521 3271 §79,
547 3207 705 3255 norunt.-—
752 3202 832 3255 when
851 3202 898 3255 the
916 3202 1020 3256 second
1033 3202 1056 3254 is
1068 3208 1115 3253 est.
1152 3201 1194 3253 Cf.
1213 3203 1279 3254 Cato

177 3296 203 3346 3.
220 3287 252 3338 de
264 3284 377 3338 virtutis
389 3284 609 3351 opinionet=dc
619 3285 707 3353 optui-
751 3284 856 3346 Maior,
871 3282 885 3347 ἓ
900 3298 924 3351 5,
937 3283 1015 3349 Quid
1024 3288 1064 3334 est
1075 3284 1169 3335 enim?
1204 3284 1279 3351 Very

171 3378 235 3429 ἀπε,
252 3379 338 3431 quam
356 3362 458 3432 aliquis
479 3364 512 3416 de
532 3365 637 3416 virtute
654 3381 706 3416 sua
752 3364 839 3433 rarely
856 3365 930 3415 enim
952 3362 1048 3416 stands
1070 3362 1098 3414 in
1120 3363 1166 3415 the
1188 3362 1278 3416 fourth

177 3443 274 3505 baben
300 3441 329 3494 in
349 3445 363 3510 ξ
378 3458 419 3512 37,
437 3446 554 3496 vt'rtutis
570 3446 663 3513 opimo
677 3469 700 3491 =
752 3445 829 3513 place
842 3445 922 3497 when
934 3449 974 3495 est
986 3443 1014 3495 in
1024 3443 1071 3495 the
1084 3443 1157 3495 third
1170 3444 1246 3511 place
1256 3443 1279 3496 is

178 3525 279 3593 opinio,
309 3541 394 3592 quam
419 3525 522 3593 aliquis
546 3525 579 3576 de
602 3526 707 3578 virtute
752 3524 888 3594 preceded
907 3524 972 3593 bya
988 3523 1065 3576 short
1084 3523 1280 3593 prepositional

178 3604 295 3657 alterius
311 3603 389 3657 habet
404 3604 596 3677 (Strelitz).-
605 3623 630 3668 3.
647 3606 707 3657 Vir·
752 3605 862 3675 phrase.
898 3603 939 3657 Cf.
954 3603 968 3668 ξ
985 3619 1042 3670 100,
1055 3606 1091 3656 In
1104 3622 1136 3657 aa
1148 3611 1187 3657 est
1198 3606 1279 3658 enim.

178 3686 265 3737 tute.
289 3722 294 3735 .
318 3724 324 3735 .
343 3687 454 3738 volunt:
477 3703 494 3737 a
511 3685 553 3755 sly
572 3686 661 3739 thrust
679 3693 707 3738 at
755 3703 819 3749 —7.
839 3689 920 3738 haec:
941 3683 1086 3752 explained
1104 3685 1141 3755 by
1165 3686 1212 3739 the
1234 3684 1281 3738 fol-

179 3761 228 3816 the
241 3763 382 3817 weakness
394 3756 540 3823 othulhan
555 3764 705 3820 character.
754 3765 855 3836 lowing
867 3766 983 3819 clauses.
994 3796 1029 3804 -
1037 3771 1062 3819 8.
1082 3779 1176 3818 verum
1188 3765 1281 3817 audire

709 3867 754 3920 141
